@article{Held2005,author = {Held, Isaac M.},
title = {The Gap between Simulation and Understanding in Climate Modeling},
journal = {Bulletin of the American Meteorological Society},
volume = {86},
number = {11},
pages = {1609-1614},
year = {2005},
doi = {10.1175/BAMS-86-11-1609}
}
@article{Reed2012,
    author = {Reed, Kevin A. and Jablonowski, Christiane},
    title = {Idealized tropical cyclone simulations of intermediate complexity: A test case for AGCMs},
    journal = {Journal of Advances in Modeling Earth Systems},
    volume = {4},
    number = {2},
    pages = {},
    year = {2012},
    doi = {10.1029/2011MS000099}
}
@article{Neale2000,
	Author = {{Neale}, R.~B. and {Hoskins}, B.~J.},
	Doi = {10.1006/asle.2000.0019},
	Journal = {Atmos. Sci. Lett.},
	Keywords = {AGCM, sea-surface temperature, aqua-planet},
	Month = jul,
	Pages = {101--107},
	Title = "A standard test for {AGCMs} including their physical parametrizations: {I}: the proposal",
	Volume = 1,
	Year = 2000
}
@article{Blackburn2013,
    title={The Aqua-Planet Experiment (APE): CONTROL SST Simulation},
    author={Michael Blackburn and David L. WILLIAMSON and Kensuke NAKAJIMA and Wataru OHFUCHI and Yoshiyuki O. TAKAHASHI and Yoshi-Yuki HAYASHI and Hisashi NAKAMURA and Masaki ISHIWATARI and John L. McGREGOR and Hartmut BORTH and Volkmar WIRTH and Helmut FRANK and Peter BECHTOLD and Nils P. WEDI and Hirofumi TOMITA and Masaki SATOH and Ming ZHAO and Isaac M. HELD and Max J. SUAREZ and Myong-In LEE and Masahiro WATANABE and Masahide KIMOTO and Yimin LIU and Zaizhi WANG and Andrea MOLOD and Kavirajan RAJENDRAN and Akio KITOH and Rachel STRATTON},
    journal={Journal of the Meteorological Society of Japan. Ser. II},
    volume={91},
    pages={17--56},
    year={2013},
    publisher={Meteorological Society of Japan},
    doi={10.2151/jmsj.2013-A02}
}
@article{Medeiros2008,
author = {Medeiros, Brian and Stevens, Bjorn and Held, Isaac M. and Zhao, Ming and Williamson, David L. and Olson, Jerry G. and Bretherton, Christopher S.},
title = {Aquaplanets, Climate Sensitivity, and Low Clouds},
journal = {Journal of Climate},
volume = {21},
number = {19},
pages = {4974-4991},
year = {2008},
doi = {10.1175/2008JCLI1995.1}
}
@article{Williamson2003,
author = {Williamson, David L. and Olson, Jerry G.},
title = {Dependence of aqua-planet simulations on time step},
journal = {Quarterly Journal of the Royal Meteorological Society},
volume = {129},
number = {591},
pages = {2049-2064},
keywords = {Eulerian, Parametrization, Precipitation, Semi-Lagrangian},
doi = {10.1256/qj.02.62},
year = {2003}
}
@article{OBrien2013,
author = {O'Brien, Travis A. and Li, Fuyu and Collins, William D. and Rauscher, Sara A. and Ringler, Todd D. and Taylor, Mark and Hagos, Samson M. and Leung, L. Ruby},
title = {Observed Scaling in Clouds and Precipitation and Scale Incognizance in Regional to Global Atmospheric Models},
journal = {Journal of Climate},
volume = {26},
number = {23},
pages = {9313-9333},
year = {2013},
doi = {10.1175/JCLI-D-13-00005.1}
}
@article{Herrington2017,
author = {Herrington, Adam R. and Reed, Kevin A.},
title = {An Explanation for the Sensitivity of the Mean State of the Community Atmosphere Model to Horizontal Resolution on Aquaplanets},
journal = {Journal of Climate},
volume = {30},
number = {13},
pages = {4781-4797},
year = {2017},
doi = {10.1175/JCLI-D-16-0069.1}
}
@article {Stevens2013,
	author = {Stevens, Bjorn and Bony, Sandrine},
	title = {What Are Climate Models Missing?},
	volume = {340},
	number = {6136},
	pages = {1053--1054},
	year = {2013},
	doi = {10.1126/science.1237554},
	publisher = {American Association for the Advancement of Science},
	journal = {Science}
}
@Article{Medeiros2015,
author="Medeiros, Brian
and Stevens, Bjorn
and Bony, Sandrine",
title="Using aquaplanets to understand the robust responses of comprehensive climate models to forcing",
journal="Climate Dynamics",
year="2015",
month="Apr",
day="01",
volume="44",
number="7",
pages="1957--1977",
doi="10.1007/s00382-014-2138-0",
}
@article{Taylor2012,
  title={An overview of CMIP5 and the experiment design},
  author={Taylor, Karl E and Stouffer, Ronald J and Meehl, Gerald A},
  journal={Bull. Amer. Meteor. Soc.},
  volume={93},
  number={4},
  pages={485--498},
  year={2012},
  publisher={American Meteorological Society}
}
@article{Voigt2016,
author = {Voigt, Aiko and Biasutti, Michela and Scheff, Jacob and Bader, JÃ¼rgen and Bordoni, Simona and Codron, Francis and Dixon, Ross D. and Jonas, Jeffrey and Kang, Sarah M. and Klingaman, Nicholas P. and Leung, Ruby and Lu, Jian and Mapes, Brian and Maroon, Elizabeth A. and McDermid, Sonali and Park, Jong-yeon and Roehrig, Romain and Rose, Brian E. J. and Russell, Gary L. and Seo, Jeongbin and Toniazzo, Thomas and Wei, Ho-Hsuan and Yoshimori, Masakazu and Vargas Zeppetello, Lucas R.},
title = {The tropical rain belts with an annual cycle and a continent model intercomparison project: TRACMIP},
journal = {Journal of Advances in Modeling Earth Systems},
volume = {8},
number = {4},
pages = {1868-1891},
doi = {10.1002/2016MS000748},
year = {2016}
}
@article{Held1994,
author = {Held, Isaac M. and Suarez, Max J.},
title = {A Proposal for the Intercomparison of the Dynamical Cores of Atmospheric General Circulation Models},
journal = {Bulletin of the American Meteorological Society},
volume = {75},
number = {10},
pages = {1825-1830},
year = {1994},
doi = {10.1175/1520-0477(1994)075<1825:APFTIO>2.0.CO;2}
}
@Article{Thatcher2016,
AUTHOR = {Thatcher, D. R. and Jablonowski, C.},
TITLE = {A moist aquaplanet variant of the Held--Suarez test for atmospheric model dynamical cores},
JOURNAL = {Geoscientific Model Development},
VOLUME = {9},
YEAR = {2016},
NUMBER = {4},
PAGES = {1263--1292},
DOI = {10.5194/gmd-9-1263-2016}
}
@article{Frierson2006,
author = {Frierson, Dargan M. W. and Held, Isaac M. and Zurita-Gotor, Pablo},
title = {A Gray-Radiation Aquaplanet Moist GCM. Part I: Static Stability and Eddy Scale},
journal = {Journal of the Atmospheric Sciences},
volume = {63},
number = {10},
pages = {2548-2566},
year = {2006},
doi = {10.1175/JAS3753.1}
}
@article{Jablonowski2006,
  title={A baroclinic instability test case for atmospheric model dynamical cores},
  author={Jablonowski, Christiane and Williamson, David L},
  journal={Quarterly Journal of the Royal Meteorological Society: A journal of the atmospheric sciences, applied meteorology and physical oceanography},
  volume={132},
  number={621C},
  pages={2943--2975},
  year={2006},
  publisher={Wiley Online Library}
}
@article{Ullrich2015,
  title={Analytical initial conditions and an analysis of baroclinic instability waves in f-and $\beta$-plane 3D channel models},
  author={Ullrich, PA and Reed, KA and Jablonowski, C},
  journal={Quarterly Journal of the Royal Meteorological Society},
  volume={141},
  number={693},
  pages={2972--2988},
  year={2015},
  publisher={Wiley Online Library}
}
@article{Ullrich2016,
  title={Dynamical core model intercomparison project (DCMIP2016) test case document},
  author={Ullrich, Paul Aaron and Jablonowski, Christiane and Reed, Kevin A and Zarzycki, Colin and Lauritzen, Peter Hjort and Nair, Ramachandran D and Kent, James and Verlet-Banide, Antonin},
  journal={URL https://github. com/ClimateGlobalChange/DCMIP2016},
  year={2016}
}
@article{Reed2011,
  title={An analytic vortex initialization technique for idealized tropical cyclone studies in AGCMs},
  author={Reed, Kevin A and Jablonowski, Christiane},
  journal={Monthly Weather Review},
  volume={139},
  number={2},
  pages={689--710},
  year={2011}
}
@article{Herrington2018,
author = {Herrington, A. R. and Reed, K. A.},
title = {An Idealized Test of the Response of the Community Atmosphere Model to Near-Grid-Scale Forcing Across Hydrostatic Resolutions},
journal = {Journal of Advances in Modeling Earth Systems},
volume = {10},
number = {2},
pages = {560-575},
keywords = {GCMs, horizontal resolution, idealized tests, cloud parameterizations},
doi = {10.1002/2017MS001078},
year = {2018}
}
@Article{Ullrich2018,
AUTHOR = {Ullrich, P. A. and Jablonowski, C. and Kent, J. and Lauritzen, P. H. and Nair, R. and Reed, K. A. and Zarzycki, C. M. and Hall, D. M. and Dazlich, D. and Heikes, R. and Konor, C. and Randall, D. and Dubos, T. and Meurdesoif, Y. and Chen, X. and Harris, L. and K\"uhnlein, C. and Lee, V. and Qaddouri, A. and Girard, C. and Giorgetta, M. and Reinert, D. and Klemp, J. and Park, S.-H. and Skamarock, W. and Miura, H. and Ohno, T. and Yoshida, R. and Walko, R. and Reinecke, A. and Viner, K.},
TITLE = {DCMIP2016:  a review of non-hydrostatic dynamical core design and intercomparison of participating models},
JOURNAL = {Geoscientific Model Development},
VOLUME = {10},
YEAR = {2017},
NUMBER = {12},
PAGES = {4477--4509},
DOI = {10.5194/gmd-10-4477-2017}
}
@Article{Zarzycki2019,
AUTHOR = {Zarzycki, C. M. and Jablonowski, C. and Kent, J. and Lauritzen, P. H. and Nair, R. and Reed, K. A. and Ullrich, P. A. and Hall, D. M. and Taylor, M. A. and Dazlich, D. and Heikes, R. and Konor, C. and Randall, D. and Chen, X. and Harris, L. and Giorgetta, M. and Reinert, D. and K\"uhnlein, C. and Walko, R. and Lee, V. and Qaddouri, A. and Tanguay, M. and Miura, H. and Ohno, T. and Yoshida, R. and Park, S.-H. and Klemp, J. B. and Skamarock, W. C.},
TITLE = {DCMIP2016: the splitting supercell test case},
JOURNAL = {Geoscientific Model Development},
VOLUME = {12},
YEAR = {2019},
NUMBER = {3},
PAGES = {879--892},
DOI = {10.5194/gmd-12-879-2019}
}
@article{Manabe1964,
author = {Manabe, Syukuro and Strickler, Robert F.},
title = {Thermal Equilibrium of the Atmosphere with a Convective Adjustment},
journal = {Journal of the Atmospheric Sciences},
volume = {21},
number = {4},
pages = {361-385},
year = {1964},
doi = {10.1175/1520-0469(1964)021<0361:TEOTAW>2.0.CO;2}
}
@article{Held1993,
author = {Held, Isaac M. and Hemler, Richard S. and Ramaswamy, V.},
title = {Radiative-Convective Equilibrium with Explicit Two-Dimensional Moist Convection},
journal = {Journal of the Atmospheric Sciences},
volume = {50},
number = {23},
pages = {3909-3927},
year = {1993},
doi = {10.1175/1520-0469(1993)050<3909:RCEWET>2.0.CO;2}
}
@article{Bretherton2005,
author = {Bretherton, Christopher S. and Blossey, Peter N. and Khairoutdinov, Marat},
title = {An Energy-Balance Analysis of Deep Convective Self-Aggregation above Uniform SST},
journal = {Journal of the Atmospheric Sciences},
volume = {62},
number = {12},
pages = {4273-4292},
year = {2005},
doi = {10.1175/JAS3614.1}
}
@article{Tompkins1998,
author = {Tompkins, Adrian M. and Craig, George C.},
title = {Radiativeâconvective equilibrium in a three-dimensional cloud-ensemble model},
journal = {Quarterly Journal of the Royal Meteorological Society},
volume = {124},
number = {550},
pages = {2073-2097},
doi = {10.1002/qj.49712455013},
year = {1998}
}
@article{Popke2013,
author = {Popke, D. and Stevens, B. and Voigt, A.},
title = {Climate and climate change in a radiative-convective equilibrium version of ECHAM6},
journal = {Journal of Advances in Modeling Earth Systems},
volume = {5},
number = {1},
pages = {1-14},
keywords = {radiative convective equilibrium, climate change, climate sensitivity, cloud feedback},
doi = {10.1029/2012MS000191},
url = {https://agupubs.onlinelibrary.wiley.com/doi/abs/10.1029/2012MS000191},
eprint = {https://agupubs.onlinelibrary.wiley.com/doi/pdf/10.1029/2012MS000191},
abstract = {Key Points ECHAM6 is configured to run in RCE with a mixed-layer ocean RCE similar to tropics in mean vertical structure and overturning circulation Lower climate sensitivity in RCE than in full GCM although feedbacks are present},
year = {2013}
}
@article{Reed2015,
author = {Reed, Kevin A. and Medeiros, Brian and Bacmeister, Julio T. and Lauritzen, Peter H.},
title = {Global RadiativeâConvective Equilibrium in the Community Atmosphere Model, Version 5},
journal = {Journal of the Atmospheric Sciences},
volume = {72},
number = {5},
pages = {2183-2197},
year = {2015},
doi = {10.1175/JAS-D-14-0268.1}
}
@article {Bony2016,
	author = {Bony, Sandrine and Stevens, Bjorn and Coppin, David and Becker, Tobias and Reed, Kevin A. and Voigt, Aiko and Medeiros, Brian},
	title = {Thermodynamic control of anvil cloud amount},
	volume = {113},
	number = {32},
	pages = {8927--8932},
	year = {2016},
	doi = {10.1073/pnas.1601472113},
	journal = {Proceedings of the National Academy of Sciences}
}
@article{Silvers2016,
author = {Silvers, Levi G. and Stevens, Bjorn and Mauritsen, Thorsten and Giorgetta, Marco},
title = {Radiative convective equilibrium as a framework for studying the interaction between convection and its large-scale environment},
journal = {Journal of Advances in Modeling Earth Systems},
volume = {8},
number = {3},
pages = {1330-1344},
doi = {10.1002/2016MS000629},
year = {2016}
}
@article{Arnold2015,
author = {Arnold, Nathan P. and Randall, David A.},
title = {Global-scale convective aggregation: Implications for the Madden-Julian Oscillation},
journal = {Journal of Advances in Modeling Earth Systems},
volume = {7},
number = {4},
pages = {1499-1518},
keywords = {aggregation, MJO, entrainment, RCE},
doi = {10.1002/2015MS000498},
year = {2015}
}
@article{Ohno2018,
author = {Ohno, Tomoki and Satoh, Masaki},
title = {Roles of Cloud Microphysics on Cloud Responses to Sea Surface Temperatures in Radiative-Convective Equilibrium Experiments Using a High-Resolution Global Nonhydrostatic Model},
journal = {Journal of Advances in Modeling Earth Systems},
volume = {10},
number = {8},
pages = {1970-1989},
keywords = {high-cloud response, global cloud-resolving model, radiative-convective equilibrium, radiation-cloud feedbacks, climate sensitivity},
doi = {10.1029/2018MS001386},
year = {2018}
}
@article{Wing2014,
author = {Wing, Allison A. and Emanuel, Kerry A.},
title = {Physical mechanisms controlling self-aggregation of convection in idealized numerical modeling simulations},
journal = {Journal of Advances in Modeling Earth Systems},
volume = {6},
number = {1},
pages = {59-74},
keywords = {self-aggregation, convection},
doi = {10.1002/2013MS000269},
year = {2014}
}
@article{Muller2012,
author = {Muller, Caroline J. and Held, Isaac M.},
title = {Detailed Investigation of the Self-Aggregation of Convection in Cloud-Resolving Simulations},
journal = {Journal of the Atmospheric Sciences},
volume = {69},
number = {8},
pages = {2551-2565},
year = {2012},
doi = {10.1175/JAS-D-11-0257.1}
}
@article{Cronin2017,
author = {Cronin, Timothy W. and Wing, Allison A.},
title = {Clouds, Circulation, and Climate Sensitivity in a Radiative-Convective Equilibrium Channel Model},
journal = {Journal of Advances in Modeling Earth Systems},
volume = {9},
number = {8},
pages = {2883-2905},
keywords = {clouds, climate sensitivity, self-aggregation, convection, radiative-convective equilibrium, tropical circulation},
doi = {10.1002/2017MS001111},
year = {2017}
}
@article{Singh2015,
author = {Singh, Martin S. and O'Gorman, Paul A.},
title = {Increases in moist-convective updraught velocities with warming in radiative-convective equilibrium},
journal = {Quarterly Journal of the Royal Meteorological Society},
volume = {141},
number = {692},
pages = {2828-2838},
keywords = {moist convection, updraught velocities, radiative-convective equilibrium, cloud-system resolving model, climate change, deep convection},
doi = {10.1002/qj.2567},
year = {2015}
}
@Article{Wing2018,
AUTHOR = {Wing, A. A. and Reed, K. A. and Satoh, M. and Stevens, B. and Bony, S. and Ohno, T.},
TITLE = {Radiative--convective equilibrium model intercomparison project},
JOURNAL = {Geoscientific Model Development},
VOLUME = {11},
YEAR = {2018},
NUMBER = {2},
PAGES = {793--813},
URL = {https://www.geosci-model-dev.net/11/793/2018/},
DOI = {10.5194/gmd-11-793-2018}
}
