%
% JOURNAL ABBREVIATIONS
%
@STRING{AMS 			= "Amer.\ Meteor.\ Soc."}
@STRING{AGU 			= "Amer.\ Geophys.\ Union"}
@STRING{AIP 			= "Amer. Inst. Phys."}
@STRING{ADGEO     = "Adv.\ Geosci."}
@STRING{AFM       = "Agric.\ For.\ Meteor."}
@STRING{AM        = "Ann.\ Meteor."}
@STRING{AN        = "Astrophys.\ Norv."}		% Astrophysica Norvegica
@STRING{AO        = "Atmos.-Ocean"}			% Atmosphere-Ocean, published by Canadian Meteorological Society (CMOS)
@STRING{AR        = "Atmos.\ Res."}			% Atmospheric Research
@STRING{ARFM      = "Annu.\ Rev.\ Fluid Mech."}
@STRING{AUMET     = "Aust.\ Meteor.\ Mag."}
@STRING{BAMS      = "Bull.\ Amer.\ Meteor.\ Soc."}
@STRING{CAP       = "Contrib.\ Atmos.\ Phys."}
@STRING{CC        = "Climate Change"}      % Climate Change 
@STRING{CCH       = "Climatic Change"}			% Climatic Change
@STRING{CDYN      = "Clim.\ Dynam."}
@STRING{CHAOS     = "Chaos"}
@STRING{COL       = "Collier's"}
@STRING{CRS       = "Cont.\ Shelf Res."}
@STRING{DAO       = "Dyn.\ Atmos.\ Oceans"}
@STRING{ECO       = "Ecology"}
@STRING{EI        = "Earth Interactions"}
@STRING{GA        = "Geophysica"}			% Geophysica, published by Geophysical Society of Finland 
@STRING{GEOMAG    = "Geophys.\ Mag."}
@STRING{GEOMDEV  = "Geosci. \ Model \ Dev."} % Geoscience Model Devel
@STRING{GN        = "Geophys.\ Norv."}			% Geophysica Norvegica
@STRING{GRL       = "Geophys.\ Res.\ Lett."}
@STRING{GEOINT    = "Geofis.\ Int."}			% Geofisica Internacional (Mexican journal -- vols. 3-5 contained proceedings from a hurricane conference
@STRING{GEOPUB    = "Geofys.\ Publ."}
@STRING{GPC       = "Global Planet.\ Change"}
@STRING{HP        = "Health Phys."}
@STRING{IAOP      = "Izv.\ Atmos.\ Ocean.\ Phys.\ (Engl.\ Transl.)"}
@STRING{IJC       = "Int.\ J.\ Climatol."}
@STRING{JAM       = "J.\ Appl.\ Meteor."}		% renamed to name below in 2006
@STRING{JAMC      = "J.\ Appl.\ Meteor.\ Climatol."}  	% Journal of Applied Meteorology and Climatology (this journal used to be called the Journal of Applied Meteorology before 2006)
@STRING{JAMES  ="J.\ Adv. \ Model. \ Earth \ Syst."} 
@STRING{JAS       = "J.\ Atmos.\ Sci."}
@STRING{JAOT      = "J.\ Atmos.\ Oceanic Technol."}
@STRING{JCAM      = "J.\ Climate Appl.\ Meteor."}	% now this is JAMC?
@STRING{JCLI      = "J.\ Climate"}
@STRING{JCR       = "J.\ Coastal Res."}
@STRING{JCOP      = "J.\ Comput.\ Phys."}
@STRING{JFM       = "J.\ Fluid\ Mech."}
@STRING{JEM       = "J.\ Eng.\ Math."}			% Journal of Engineering Mathematics
@STRING{JGR       = "J.\ Geophys.\ Res."}
@STRING{JHM       = "J.\ Hydrometeor."}
@STRING{JMS       = "J.\ Mar.\ Syst."}
@STRING{JM        = "J.\ Meteor."}
@STRING{JMR       = "J.\ Mar.\ Res."}
@STRING{JMSJ      = "J.\ Meteor.\ Soc.\ Japan"}
@STRING{JPO       = "J.\ Phys.\ Oceanogr."}
@STRING{JOCEAN    = "J.\ Oceanogr."}			% Journal of Oceanography
@STRING{JOSJ      = "J.\ Oceanogr.\ Soc.\ Japan"}
@STRING{JSE       = "J.\ Struct.\ Eng."}	% Journal of Structural Engineering at ASCE
@STRING{JTM       = "J.\ Tropical Meteor."}
@STRING{JWEIA     = "J.\ Wind Eng.\ Ind.\ Aerodyn."}
@STRING{MA        = "Meteor.\ Appl."}
@STRING{MAP       = "Meteor.\ Atmos.\ Phys."}
@STRING{METMON    = "Meteor.\ Monogr."}
@STRING{METZEIT   = "Meteor.\ Z."}
@STRING{MWL       = "Mar.\ Wea.\ Log"}
@STRING{MWR       = "Mon.\ Wea.\ Rev."}
@STRING{NAT       = "Nature"}
@STRING{NGEO      = "Nat.\ Geosci."}
@STRING{NatCC      = "Nat.\ Cim.\ Change"}
@STRING{NHR       = "Natural Hazards Rev."}
@STRING{NWD       = "Natl.\ Weather Dig."}
@STRING{OA        = "Oceanol. Aeta"}
@STRING{OCEAN     = "Oceanography"}                	% a quarterly journal of The Oceanography Society
@STRING{PAG       = "Pure Appl.\ Geophys."}
@STRING{PF        = "Phys.\ Fluids"}
@STRING{PHYSD     = "Physica D"}
@STRING{PMG       = "Pap.\ Meteor.\ Geophys."}	% Papers in Meteorology and Geophysics
@STRING{PNAS      = "Proc.\ Natl.\ Acad.\ Sci.\ (USA)"}
@STRING{PRE       = "Phys.\ Rev.\ E"}
@STRING{PRSA      = "Proc.\ Roy.\ Soc.\ A."}
@STRING{PT        = "Phys.\ Today"}
@STRING{PTRS      = "Philos.\ Trans.\ Roy.\ Soc.\ London\ A"}
@STRING{QJRMS     = "Quart.\ J.\ Roy.\ Meteor.\ Soc."}
@STRING{RGEO      = "Rev. Geophys."}
@STRING{SGEOR      = "Surv. Geophys. Rev."}
@STRING{SCI       = "Science"}
@STRING{SOLA      = "SOLA"}				% Scientific Online Letters on the Atmosphere
@STRING{TAGU      = "Eos, Trans.\ Amer.\ Geophys.\ Union"}
@STRING{TELLUS    = "Tellus"}
@STRING{TCFD      = "Theor.\ Comput.\ Fluid Dyn."}
@STRING{WEA       = "Weather"}
@STRING{WW        = "Weatherwise"}
@STRING{WF        = "Wea.\ Forecasting"}
@STRING{WMOB      = "WMO Bull."}

%Journal article database entry

%Articles to add: Webb et al. 2001, Popke et al. 2015, Becker et al. 2016, Coppin and Bony 2015(16), Zhou 2016, Tompkins and Craig, 1998, Mauritsen and Stevens, 2015, Redelsperger et al. 2002, Moebis and Stevens 2013, Ouselati and Bellon, 2013, Seifert 2008, Raschendorfer 2001, Tobin et al 2012, Rieck et al. 2012, Brient et al. 2015, Myhre et al. 1998, Takahashi et al. 2009, Zhao et al. 2015 

@ARTICLE{Andrews_2014,
	AUTHOR = {Timothy Andrews},
	YEAR = {2014},
	TITLE = {Using an {AGCM} to Diagnose Historical Effective Radiative Forcing and Mechanisms of Recent Decadal Climate Change},
	JOURNAL = JCLI,
	VOLUME = {27},
	PAGES ={1193-1209}
}

@ARTICLE{Andrews_etal_2012,
	AUTHOR = {Timothy Andrews and Jonathan M. Gregory and Mark J. Webb and Karl E. Taylor},
	YEAR = {2012},
	TITLE = {Forcing, Feedbacks and Climate Sensitivity in {CMIP5} Coupled Atmosphere-ocean Climate Models},
	JOURNAL = GRL,
	VOLUME = {39},
	PAGES = {1-7},
	DOI = {10.1029/2012GL051607}
}

@ARTICLE{Andrews_etal_2015,
	AUTHOR = {Timothy Andrews and Jonathan M. Gregory and Mark J. Webb},
	YEAR = {2015},
	TITLE = {The Dependence of Radiative Forcing and Feedback on Evolving Patterns of Surface Temperature Change in Climate Models},
	JOURNAL = JCLI,
	VOLUME = {28},
	PAGES ={1630-1648}
}

@ARTICLE{Armour_2017,
	AUTHOR = {K. Armour},
	YEAR = {2017},
	TITLE = {Energy Budget Constraints on Climate Sensitivity in Light of Inconstant Climate Feedbacks},
	JOURNAL = NatCC,
	VOLUME = {7},
	DOI     = {10.1038/NCLIMATE3278},
}

@ARTICLE{Armour_etal_2013,
	AUTHOR = {Kyle C. Armour and Cecilia M. Bitz and Gerard H. Roe},
	YEAR = {2013},
	TITLE = {Time-Varying Climate Sensitivity from Regional Feedbacks},
	JOURNAL = JCLI,
	VOLUME = {26},
	PAGES ={4518-4534}
}

@ARTICLE{Arnold_Randall_2015,
        AUTHOR = {Nathan P. Arnold and David A. Randall},
        YEAR =  {2015},
        TITLE = {Global-Scale Convective Aggregation: Implications for the Madden-{J}ulian Oscillation}, 
        JOURNAL = JAMES, 
        VOLUME = {7}, 
        DOI ={10.1002/2015MS000498}
}

@ARTICLE{Bechtold_etal_2008,
	AUTHOR = {Peter Bechtold and M. K\"{o}hler and T. Jung and F. Doblas-Reyes and M. Leutbecher and M. J. Rodwell and
	F. Vitart and G. Balsamo},
	YEAR = {2008},
	TITLE = {Advances in Simulating Atmospheric Variability with the ECMWF Model: From Synoptic to Decadal Time-Scales},
	JOURNAL = {Quart. J. Roy. Meteor. Soc.},
	VOLUME = {134},
	PAGES = {1337-1351},
	DOI     = {10.1002/qj.289},
}

@ARTICLE{Bechtold_etal_2014,
	AUTHOR = {Peter Bechtold and N. Semane and P. Lopez and J.-P. Chaboureau and A. Beljaars and N. Bormann},
	YEAR = {2014},
	TITLE = {Representing Equilibrium and Nonequilibrium Convection in Large-Scale Models},
	JOURNAL = {J. Atmos. Sci.},
	VOLUME = {71},
	PAGES = {734-753},
	DOI     = {10.1175/JAS-D-13-0163.1},
}

@ARTICLE{Becker_Stevens_2014,
        AUTHOR = {Tobias Becker and Bjorn Stevens},
        YEAR =  {2014},
        TITLE = {Climate and Climate Sensitivity to Changing CO$_2$ on an Idealized Land Planet}, 
        JOURNAL = JAMES, 
        VOLUME = {6}, 
        DOI ={10.1002/2014MS000369}
}

@ARTICLE{Bony_etal_2004,
	AUTHOR = {Sandrine Bony and J. L. Dufresne and H. Le Treut and J.-J. Morcrette and C. Senior},
	YEAR = {2004},
	TITLE = {On Dynamic and Thermodynamic Components of Cloud Changes},
	JOURNAL = "Clim.\ Dynam.",
	VOLUME = {22},
	DOI     = {10.1007/s00382-003-0369-6},
}

@ARTICLE{Bony_etal_2015,
	AUTHOR = {S. Bony and B. Stevens and Dargan M.W. Frierson and Christian Jakob and Masa Kageyama and Robert Pincus and Theodore G. Shepherd and Steven C. Sherwood and A. Pier Siebesma and Adam H. Sobel and Masahiro Watanabe and Mark J. Webb},
	YEAR = {2015},
	TITLE = {Clouds, Circulation, and Climate Sensitivity},
	JOURNAL = NGEO,
	VOLUME = {8},
	DOI     = {10.1038/NGEO2398},
}

@ARTICLE{Bony_Dufresne_2005,
	AUTHOR = {S. Bony and J. L. Dufresne},
	YEAR = {2005},
	TITLE = {Marine Boundary Layer Clouds at the Heart of Tropical Cloud Feedback Uncertainties in Climate Models},
	JOURNAL = {Geophys.\ Res.\ Lett.},
	VOLUME = {32},
	DOI     = {10.1029/2005GL023851},
}

@ARTICLE{Brient_etal_2015,
	AUTHOR = {Florent Brient and Tapio Schneider and Zhihong Tan and Sandrine Bony and Xin Qu and Alex Hall},
	YEAR = {2015},
	TITLE = {Shallowness of Tropical Low Clouds as a Predictor of Climate Models' Response to Warming},
	JOURNAL = CDYN,
	VOLUME = {45},
	DOI     = {10.1007/s00382-015-2846-0},
}

@ARTICLE{Bretherton_etal_2004,
	AUTHOR = {C. S. Bretherton and M. E. Peters and L. E. Back},
	YEAR = {2004},
	TITLE = {A new parameterization for shallow cumulus convection and its application to marine subtropical cloud-topped boundary layers.  Part I: Description and 1-d results},
	JOURNAL = MWR,
	VOLUME = {132},
	PAGES = {864-882}
}

@ARTICLE{Bretherton_etal_2005,
	AUTHOR = {C. S. Bretherton and P. N. Blossey and M. Khairoutdinov},
	YEAR = {2005},
	TITLE = {An Energy-Balance Analysis of Deep Convective Self-Aggregation Above Uniform SST},
	JOURNAL = {J. Atmos. Sci.},
	VOLUME = {62},
	PAGES = {4273-4292}
}

@ARTICLE{Cess_etal_1989,
	AUTHOR = {R. D. Cess and G. L. Potter and J.P. Blanchet},
	YEAR = {1989},
	TITLE = {Interpretation of Cloud-Climate Feedback as Produced by 14 Atmospheric General Circulation Models},
	JOURNAL = {Science},
	VOLUME = {245},
	PAGES ={513-516}
}

@ARTICLE{Coppin_Stevens_2015,
        AUTHOR = {David Coppin and Sandrine Bony},
        YEAR =  {2015},
        TITLE = {Physical Mechanisms Controlling the Initiation of Convective Self-Aggregation in a General Circulation Model}, 
        JOURNAL = JAMES, 
        VOLUME = {7}, 
        DOI ={10.1002/2015MS000571}
}

@ARTICLE{Derbyshire_etal_2004,
	AUTHOR = {S. H. Derbyshire and I. Beau and P. Bechtold and J.-Y. Grandpeix and J.-M. Piriou and
	J.-L. Redelsperger and P.M.M. Soares},
	YEAR = {2004},
	TITLE = {Sensitivity of Moist Convection to Environmental Humidity},
	JOURNAL = {Quart. J. Roy. Meteor. Soc.},
	VOLUME = {130},
	PAGES ={3055-3079}
}

@ARTICLE{Dipanker_etal_2015,
        AUTHOR = {A. Dipankar and B. Stevens and R. Heinze and C. Moseley and G. Z\"{a}ngl and 
        M. Giorgetta and S. Brdar},
        YEAR =  {2015},
        TITLE = {Large Eddy Simulation Using the General Circulation Model ICON}, 
        JOURNAL = {J. Adv. Model. Earth Syst.}, 
        VOLUME = {7}, 
        DOI ={10.1002/2015MS000431}
}

@ARTICLE{Donner_1993,
	AUTHOR = {Leo J. Donner},
	YEAR = {1993},
	TITLE = {A Cumulus Parameterization Including Mass Fluxes, Vertical Momentum Dynamics, and Mesoscale Effects},
	JOURNAL = {JAS},
	VOLUME = {50},
	PAGES = {889-906},
	DOI = {10.1175/1520-0469(1993)050<0889:ACPIMF>2.0.CO;2}
}

@ARTICLE{Donner_etal_2011,
	AUTHOR = {Leo J. Donner and Coauthors},
	YEAR = {2011},
	TITLE = {The Dynamical Core, Physical Parameterizations, and Basic Simulation Characteristics of the Atmospheric Component {AM3} of the {GFDL} Global Coupled Model {CM3}},
	JOURNAL = {JCLI},
	VOLUME = {24},
	PAGES = {3484-3519},
	DOI = {10.1175/2011JCLI3955.1}
}

@ARTICLE{Emanuel_etal_2014,
        AUTHOR = {Kerry Emanuel and Allison A. Wing and Emmanuel M. Vincent},
        YEAR =  {2014},
        TITLE = {Radiative-Convective Instability}, 
        JOURNAL = {J. Adv. Model. Earth Syst.}, 
        VOLUME = {6}, 
        DOI ={10.1002/2013MS000270}
}

@ARTICLE{EmeryEA1986,
	AUTHOR = {W. J. Emery and A. C. Thomas and M. J. Collins and W. R. Crawford and D. L. Mackas},
	YEAR = 1986,
	TITLE = {An objective method for computing advective surface velocities from sequential infrared satellite images},
	JOURNAL = {J. Geophys. Res.},
	VOLUME = 91,
	PAGES = {12865-12878}
}

@ARTICLE{Gassmann_2011,
        AUTHOR = {Almut Gassmann},
        YEAR =  {2011},
        TITLE = {Inspection of Hexagonal and Triangular C-grid Discretizations on the Shallow Water Equations}, 
        JOURNAL = JCOP, 
        VOLUME = {230}, 
	PAGES = {2706-2721},
        DOI ={10.1002/2013MS000270}
}

@ARTICLE{Gregory_etal_2004,
	AUTHOR = {Jonathan M. Gregory and William J. Ingram and M. A. Palmer and Gareth S. Jones and P. A. Stott and Robert B. Thorpe and J. A. Lowe and T.C. Johns and K.D. Williams},
	YEAR = {2004},
	TITLE = {A New Method for Diagnosing Radiative Forcing and Climate Sensitivity},
	JOURNAL = GRL,
	PAGES = {1-4},
	VOLUME = {31},
	DOI = {10.1029/2003GL018747}
}

@ARTICLE{Gregory_Andrews_2016,
	AUTHOR = {Jonathan M. Gregory and Timothy Andrews},
	YEAR = {2016},
	TITLE = {Variation in Climate Sensitivity and Feedback Parameters During the Historical Period},
	JOURNAL = GRL,
	VOLUME = {43},
	PAGES = {3911-3920},
	DOI = {10.1002/2016GL068406}
}

@ARTICLE{Grise_Medeiros_2016,
	AUTHOR = {Kevin M. Grise and Brian Medeiros},
	YEAR = {2016},
	TITLE = {Understanding the Varied Influence of Midlatitude Jet Position on Clouds and 
	Cloud Radiative Effects in Observations and Global Climate Models},
	JOURNAL = JCLI,
	VOLUME = {29},
	PAGES = {9005-9025},
	DOI = {10.1175/JCLI-D-16-0295.1}
}

@ARTICLE{GFDL_GAMDT_2004,
	AUTHOR = {GFDL-GAMDT},
	YEAR = {2004},
	TITLE = {The New {GFDL} Global Atmosphere and Land Model {AM2}/{LM2}: Evaluation with prescribed {SST} simulations},
	JOURNAL = {JCLI},
	VOLUME = {17},
	PAGES = {4641-4673},
	DOI = {10.1175/JCLI-3223.1}
}

@ARTICLE{Hartmann_Larson_2002,
	AUTHOR = {D. L. Hartmann and K. Larson},
	YEAR = {2002},
	TITLE = {An Important Constraint on Tropical Cloud-Climate Feedback},
	JOURNAL = {Geophys.\ Res.\ Lett.},
	VOLUME = {29},
        DOI = {10.1029/2002GL015835}	
}

@ARTICLE{Haugstad_etal_2017,
	AUTHOR = {A. D. Haugstad and K. C. Armour and D. S. Battisti and B. E. J. Rose},
	YEAR = {2017},
	TITLE = {Relative Roles of Surface Temperature and Climate Forcing Patterns in the Inconstancy of Radiative Feedbacks},
	JOURNAL = {Geophys.\ Res.\ Lett.},
	VOLUME = {44},
	DOI     = {10.1002/2017GL074372},
}

@ARTICLE{Held_etal_1993,
	AUTHOR = {I. M. Held and R. S. Hemler and V. Ramaswamy},
	YEAR = {1993},
	TITLE = {Radiative-Convective Equilibrium with Explicit Two-Dimensional Moist Convection},
	JOURNAL = {J. Atmos. Sci.},
	VOLUME = {50},
	PAGES = {3909-3927},
        DOI = {http://dx.doi.org/10.1175/1520-0469(1993)050<3909:RCEWET>2.0.CO;2}	
}

@ARTICLE{Held_etal_2007,
	AUTHOR = {I. M. Held and M. Zhao and B. Wyman},
	YEAR = {2007},
	TITLE = {Dynamic Radiative-Convective Equilibria Using GCM Column Physics},
	JOURNAL = {J. Atmos. Sci.},
	VOLUME = {64},
	PAGES = {228-238},
        DOI = {10.1175/JAS3825.11}	
}

@ARTICLE{Hubert_Whitney1971,
	AUTHOR = {L. F. Hubert and L. F. Whitney Jr.},
	YEAR = {1971},
	TITLE = {Wind estimation from geostationary satellite pictures},
	JOURNAL = {Mon. Wea. Rev.},
	VOLUME = {69},
	PAGES ={665-672}
}

@ARTICLE{Hurrell_etal_2008,
	AUTHOR = {J. W. Hurrell and J. J. Hack and D. Shea and J.M. Caron and J. Rosinski},
	YEAR = {2008},
	TITLE = {A new sea surface temperature and sea ice boundary dataset for the Community Atmosphere Model},
	JOURNAL = {JCLI},
	VOLUME = {21},
	PAGES ={5145-5153},
	DOI = {10.1175/2008jcli2292.1}
}



@ARTICLE{Jeevanjee_Romps_2013,
	AUTHOR = {Nadir Jeevanjee and David M. Romps},
	YEAR = {2013},
	TITLE = {Convective Self-Aggregation, Cold Pools, and Domain Size},
	JOURNAL = GRL,
	VOLUME = {40},
	PAGES = {994-99},
	DOI = {10.1002/grl.50204}
}

@ARTICLE{Klemp_etal_2008,
	AUTHOR = {J. B. Klemp and J. Dudhia and A. D. Hassiotis},
	YEAR = {2008},
	TITLE = {An Upper Gravity-Wave Absorbing Layer for NWP Applications},
	JOURNAL = {Mon. Wea. Rev.},
	VOLUME = {136},
	PAGES = {3987-4004},
	DOI = {10.1175/2008MWR2596.1}
}

@ARTICLE{Klein_Hartmann_1993,
	AUTHOR = {Stephen A. Klein and Dennis L. Hartmann},
	YEAR = {1993},
	TITLE = {The Seasonal Cycle of Low Stratiform Clouds},
	JOURNAL = {JCLI},
	VOLUME = {6},
	PAGES = {1587-1606},
	DOI = {10.1175/1520-0442(1993)006<1587:TSCOLS>2.0.CO;2}
}

@ARTICLE{Manabe_Strickler_1964,
	AUTHOR = {S. Manabe and R. F. Strickler},
	YEAR = {1964},
	TITLE = {Thermal Equilibrium of the Atmosphere with a Convective Adjustment},
	JOURNAL = {J. Atmos. Sci.},
	VOLUME = {21},
	PAGES = {361-385},
        }
        
@ARTICLE{Manabe_Wetherald_1967,
	AUTHOR = {S. Manabe and R. T. Wetherald},
	YEAR = {1967},
	TITLE = {Thermal Equilibrium of the Atmosphere with a Given Distribution of Relative Humidity},
	JOURNAL = {J. Atmos. Sci.},
	VOLUME = {24},
	PAGES = {241-259},
        }

@ARTICLE{Mauritsen_etal_2013,
	AUTHOR = {Thorsten Mauritsen and Rune G. Graversen and Daniel Klocke and Peter L. Langen and Bjorn Stevens and Lorenzo Tomassini},
	YEAR = {2013},
	TITLE = {Climate Feedback Efficiency and Synergy},
	JOURNAL = CDYN,
	VOLUME = {41},
	PAGES = {2539-2554},
        }

@ARTICLE{Mauritsen_Stevens_2015,
	AUTHOR = {Thorsten Mauritsen and Bjorn Stevens},
	YEAR = {2015},
	TITLE = {Missing Iris Effect as a Possible Cause of Muted Hydrological Change and High Climate Sensitivity in Models},
	JOURNAL = NGEO,
	VOLUME = {8},
	PAGES = {346-351},
        }

@ARTICLE{McWilliams_2007,
	AUTHOR = {J. C. McWilliams},
	YEAR = {2007},
	TITLE = {Irreducible Imprecision in Atmospheric and Oceanic Simulations},
	JOURNAL = {Proc.\ Natl.\ Acad.\ Sci.\ (USA)},
	VOLUME = {104},
	PAGES = {8709-8713},
        DOI = {10.1073/pnas.0702971104}	
        }
	
@ARTICLE{Moebis_Stevens_2012,
        AUTHOR = {Benjamin M\"{o}bis and Bjorn Stevens},
        YEAR =  {2012},
        TITLE = {Factors Controlling the Position of the Intertropical Convergence Zone on an Aquaplanet}, 
        JOURNAL = JAMES, 
        VOLUME = {4}, 
        DOI ={10.1029/2012MS000199}
}

@ARTICLE{Muller_Held_2012,
	AUTHOR = {C. J. Muller and I. Held},
	YEAR = {2012},
	TITLE = {Detailed Investigation of the Self-Aggregation of Convection in Cloud-Resolving Simulations},
	JOURNAL = {J. Atmos. Sci.},
	VOLUME = {69},
	PAGES = {2551-2565},
        DOI = {10.1175/JAS-D-11-0257.1}	
}

@ARTICLE{Mlawer_etal_1997,
	AUTHOR = {Eli J. Mlawer and Steven J. Taubman and Patrick D. Brown and Michael J. Iacono and Shepard A. Clough},
	YEAR = {1997},
	TITLE = {Radiative Transfer for Inhomogeneous Atmospheres: RRTM, a Validated Correlated-k Model for the Longwave},
	JOURNAL = JGR,
	VOLUME = {102},
	PAGES = {16663-16682}
}

@ARTICLE{Medeiros_etal_2008,
	AUTHOR = {Brian Medeiros and Bjorn Stevens and Isaac M. Held
	and Ming Zhao and David L. Williamson and Jerry G. Olson and Christopher S. Bretherton},
	YEAR = {2008},
	TITLE = {Aquaplanets, Climate Sensitivity, and Low Clouds},
	JOURNAL = JCLI,
	VOLUME = {21},
	PAGES = {4974-4991}
}

@ARTICLE{Moorthi_Suarez_1992,
	AUTHOR = {S. Moorthi and M. Suarez},
	YEAR = {1992},
	TITLE = {Relaxed Arakawa Schubert: A parameterization of moist convection for general circulation models},
	JOURNAL = MWR,
	VOLUME = {120},
	PAGES = {978-1002}
}

@ARTICLE{Myers_Norris_2013,
	AUTHOR = {Timothy A. Myers and Joel R. Norris},
	YEAR = {2013},
	TITLE = {Observational Evidence That Enhanced Subsidence Reduces Subtropical Marine Boundary Layer Cloudiness},
	JOURNAL = JCLI,
	VOLUME = {26},
	PAGES = {7507-7524},
	DOI={10.1175/JCLI-D-12-00736.1}
}

@ARTICLE{Myers_Norris_2016,
	AUTHOR = {Timothy A. Myers and Joel R. Norris},
	YEAR = {2016},
	TITLE = {Reducing the Uncertainty in Subtropical Cloud Feedback},
	JOURNAL = GRL,
	VOLUME = {43},
	PAGES = {},
	DOI={10.1002/2015GL067416}
}

@ARTICLE{Myhre_etal_1998,
	AUTHOR = {Gunnar Myhre and Eleanor J. Highwood and Keith P. Shine and Frode Stordal},
	YEAR = {1998},
	TITLE = {New Estimates of Radiative Forcing Due to Well Mixed Greenhouse Gases},
	JOURNAL = GRL,
	VOLUME = {25},
	PAGES = {2715-2718}
}

@ARTICLE{Nam_etal_2012,
	AUTHOR = {C. Nam and S. Bony and J.-L. Dufresne and H. Chepfer},
	YEAR = {2012},
	TITLE = {The `Too Few, Too Bright' Tropical Low-Cloud Problem in CMIP5 Models},
	JOURNAL = {Geophys.\ Res.\ Lett},
	VOLUME = {39},
        DOI = {10.1029/2012GL053421}	
}

@ARTICLE{Nuijens_etal_2015,
	AUTHOR = {Louise Nuijens and Brian Medeiros and Irina Sandu and Maike Ahlgrimm},
	YEAR = {2015},
	TITLE = {The Behavior of Trade-Wind Cloudiness in Observations and Models: The Major Cloud Components and their Variability},
	JOURNAL = {J. Adv. Model. Earth Syst.},
	VOLUME = {7},
	PAGES = {600-616},
        DOI = {10.1002/2014MS000390}	
}

@ARTICLE{Oueslati_Bellon_2013,
	AUTHOR = {Boutheina Oueslati and Gilles Bellon},
	YEAR = {2013},
	TITLE = {Convective Entrainment and Large-scale Organization of Tropical Precipitation: Sensitivity of the {CNRM-CM5} Hierarchy of Models},
	JOURNAL = JCLI,
	VOLUME = {26},
	PAGES = {2931-2946},
        }

@ARTICLE{Qu_etal_2014,
	AUTHOR = {Xin Qu and Alex Hall and Stephen A. Klein and Peter M. Caldwell},
	YEAR = {2014},
	TITLE = {On the Spread of Changes in Marine Low Cloud Cover in Climate Model Simulations of the 21st Century},
	JOURNAL = CDYN,
	VOLUME = {42},
	DOI     = {10.1007/s00382-013-1945-z},
}

@ARTICLE{Qu_etal_2015,
	AUTHOR = {Xin Qu and Alex Hall and Stephen A. Klein and Peter M. Caldwell},
	YEAR = {2015},
	TITLE = {The Strength of the Tropical Inversion and its Response to Climate Change in 18 {CMIP5} Models},
	JOURNAL = CDYN,
	VOLUME = {45},
	DOI     = {10.1007/s00382-014-2441-9},
}

@ARTICLE{Rio_etal_2009,
	AUTHOR = {C. Rio and F. Hourdin and J.-Y. Grandpeix and J.-P. Lafore},
	YEAR = {2009},
	TITLE = {Shifting the Diurnal Cycle of Parameterized Deep Convection Over Land},
	JOURNAL = {Geophys.\ Res.\ Lett},
	VOLUME = {36},
        DOI = {10.1029/2008GL036799}	
}

@ARTICLE{Redelsperger_etal_2002,
	AUTHOR = {J.L. Redelsperger and D.B. Parsons and F. Guichard},
	YEAR = {2002},
	TITLE = {Recovery Process and Factors Limiting Cloud-Top Height Following the Arrival of a Dry Intrusion Observed During {TOGA-COARE}},
	JOURNAL = JAS,
	VOLUME = {59}
}

@ARTICLE{Paynter_Frolicher_2015,
	AUTHOR = {David Paynter and T.L. Fr\"{o}licher},
	YEAR = {2015},
	TITLE = {Sensitivity of Radiative Forcing, Ocean Heat Uptake, and Climate Feedback to Changes in Anthropogenic Greenhouse Gases and Aerosols},
	JOURNAL = JGR,
	VOLUME = {120},
	PAGES ={9837-9854},
	DOI ={10.1002/2015JD023364}
}

@ARTICLE{Popke_etal_2013,
	AUTHOR = {D. Popke and B. Stevens and A. Voigt},
	YEAR = {2013},
	TITLE = {Climate and Climate Change in a Radiative-Convective Equilibrium Version of {ECHAM6}},
	JOURNAL = {J. Adv. Model. Earth Syst.},
	VOLUME = {5},
	PAGES ={1-14},
	DOI ={10.1029/2012MS000191}
}

@ARTICLE{Popp_Silvers_2017,
	AUTHOR = {Max Popp and Levi G. Silvers},
	YEAR = {2017},
	TITLE = {Double and Single {ITCZ}s With and Without Clouds},
	JOURNAL = JCLI,
	VOLUME = {},
	PAGES ={},
	DOI ={10.1175/JCLI-D-17-0062.1}
}

@ARTICLE{deRooy_etal_2013,
	AUTHOR = {W. C. de Rooy and P. Bechtold and K. Fr\"{o}hlich and C. Hohenegger and H. Jonker and D. Mironov and A. P. Siebesma and J. Teixeira and J.-I Yano},
	YEAR = {2013},
	TITLE = {Entrainment and Detrainment in Cumulus Convection: an Overview},
	JOURNAL = {Quart. J. Roy. Meteor. Soc.},
	VOLUME = {139},
	PAGES = {1-19},
	DOI     = {10.1002/qj.1959},
}

@ARTICLE{Randall_etal_1984,
	AUTHOR = {David A. Randall and J. A. Coakley, Jr. and C.W. Fairall and R. A. Kropfli and D. H. Lenschow},
	YEAR = {1984},
	TITLE = {Outlook for Research on Subtropical Marine Stratiform Clouds},
	JOURNAL = BAMS,
	VOLUME = {65},
	PAGES = {1290-1301},
	DOI  = {}
}

@ARTICLE{Rieck_etal_2012,
	AUTHOR = {Malta Rieck and Louise Nuijens and B. Stevens},
	YEAR = {2012},
	TITLE = {Marine Boundary Layer Cloud Feedbacks in a Constant Relative Humidity Atmosphere},
	JOURNAL = JAS,
	VOLUME = {69},
	PAGES = {2538-2550},
	DOI  = {10.1175/JAS-D-11-0203.1}
}

@ARTICLE{Reed_etal_2015,
	AUTHOR = {Kevin A. Reed and Brian Medeiros and Julio T. Bacmeister and Peter H. Lauritzen},
	YEAR = {2015},
	TITLE = {Global Radiative-Convective Equilibrium in the Community Atmosphere Model, Version 5},
	JOURNAL = JAS,
	VOLUME = {72},
	PAGES = {2183-2197},
	DOI  = {10.1175/JAS-D-14-0268.1}
}

@ARTICLE{Rose_Rayborn_2016,
	AUTHOR = {Brian E. Rose and J. Rayborn},
	YEAR = {2016},
	TITLE = {The Effects of Ocean Heat Uptake on Transient Climate Sensitivity},
	JOURNAL = "Curr. Clim. Change Rep.",
	VOLUME = {},
	PAGES = {},
	DOI  = {10.1007/s40641-016-0048-4}
}

@ARTICLE{Senior_Mitchell_2000,
	AUTHOR = {Catherine A. Senior and John F. B. Mitchell},
	YEAR = {2000},
	TITLE = {The Time-dependence of Climate Sensitivity},
	JOURNAL = GRL,
	VOLUME = {27},
	PAGES = {2685-2688},
	DOI = {10.1029/2012GL051607}
}

@ARTICLE{Sherwood_etal_2014,
	AUTHOR = {S. C. Sherwood and S. Bony and J. L. Dufresne },
	YEAR = {2014},
	TITLE = {Spread in Model Climate Sensitivity Traced to Atmospheric Convective Mixing},
	JOURNAL = {Nature},
	VOLUME = {505},
	PAGES ={37-42},
	DOI ={10.1038/nature12829}
}

@ARTICLE{Sherwood_etal_2015,
	AUTHOR = {S. C. Sherwood and S. Bony and O. Boucher and C. Bretherton and P. M. Forster and J. M. Gregory and B. Stevens},
	YEAR = {2015},
	TITLE = {Adjustments in the Forcing-Feedback Framework for Understanding Climate Change},
	JOURNAL = {Bull.\ Amer.\ Meteor.\ Soc.},
	VOLUME = {96},
	PAGES ={217-228},
	DOI ={10.1175/BAMS-D-13-00167.1}
}

@ARTICLE{Silvers_etal_2016,
        AUTHOR = {Levi G. Silvers and Bjorn Stevens and Thorsten Mauritsen and Marco Giorgetta},
        YEAR =  {2016},
        TITLE = {Radiative Convective Equilibrium as a Framework for Studying the Interaction between Convection and its Large-scale Environment}, 
        JOURNAL = JAMES, 
        VOLUME = {8}, 
        DOI ={10.1002/2016MS000629}
}

@ARTICLE{Stevens_Bony_2013,
	AUTHOR = {B. Stevens and S. Bony},
	YEAR = {2013},
	TITLE = {What Are Climate Models Missing?},
	JOURNAL = {Science},
	VOLUME = {340},
	PAGES ={1053-1054},
	DOI ={10.1126/science.1237554}
}

@ARTICLE{Stevens_etal_2013,
	AUTHOR = {B. Stevens and M. Giorgetta and M. Esch and T. Mauritsen and T. Crueger and S. Rast and
	M. Salzmann and H. Schmidt and J. Bader and K. Block and R. Brokopf and I. Fast and S. Kinne and L. Kornblueh
	and U. Lohmann and R. Pincus and T. Reichler and E. Roeckner},
	YEAR = {2013},
	TITLE = {Atmospheric component of the MPI-M Earth System Model: ECHAM6},
	JOURNAL = {J. Adv. Model. Earth Syst.},
	VOLUME = {5},
	PAGES ={146-172},
	DOI ={10.1002/jame.20015}
}

@ARTICLE{Takahashi_2009,
	AUTHOR = {Ken Takahashi},
	YEAR = {2009},
	TITLE = {The Global Hydrological Cycle and Atmospheric Shortwave Absorption in Climate Models Under CO$_2$ Forcing},
	JOURNAL = JCLI,
	VOLUME = {22},
	PAGES ={5667-5675}
}

@ARTICLE{Tobin_etal_2012,
	AUTHOR = {Isabelle Tobin and Sandrine Bony and Remy Roca},
	YEAR = {2012},
	TITLE = {Observational Evidence for Relationships Between the Degree of Aggregation of Deep Convection, Water Vapor, Surface Fluxes, and Radiation},
	JOURNAL = JCLI,
	VOLUME = {25},
	PAGES ={6885-6904}
}

@ARTICLE{Tompkins_Craig_1998,
	AUTHOR = {A.M. Tompkins and G.C. Craig},
	YEAR = {1998},
	TITLE = {Radiative-convective Equilibrium in a Three-Dimensional Cloud Ensemble Model},
	JOURNAL = QJRMS,
	VOLUME = {124},
	PAGES ={2073-2097}
}

@ARTICLE{Vial_etal_2013,
	AUTHOR = {Jessica Vial and Jean-Louis Dufresne and Sandrine Bony},
	YEAR = {2013},
	TITLE = {On the Interpretation of Inter-model Spread in {CMIP5} Climate Sensitivity Estimates},
	JOURNAL = "Clim.\ Dynam.",
	VOLUME = {41},
	PAGES = {3339-3362},
	DOI     = {10.1007/s00382-013-1725-9},
}

@ARTICLE{Vial_etal_2017,
	AUTHOR = {Jessica Vial and Sandrine Bony and Bjorn Stevens and Raphaela Vogel},
	YEAR = {2017},
	TITLE = {Mechanisms and Model Diversity of Trade-Wind Shallow Cumulus Cloud Feedbacks: A Review},
	JOURNAL = SGEOR,
	VOLUME = {},
	PAGES = {},
	DOI     = {10.1007/s10712-017-9418-2},
}

@ARTICLE{Wan_etal_2013,
	AUTHOR = {H. Wan and M. A. Giorgetta and G. Z\"{a}ngl and M. Restelli and D. Majewski and L. Bonaventura
	and K. Fr\"{o}hlich and D. Reinert and P. Ripodas and L. Kornblueh and J. F\"{o}rstner},
	YEAR = {2013},
	TITLE = {The ICON-1.2 Hydrostatic Atmospheric Dynamical Core on Triangular Grids - Part 1: Formulation
	and Performance of the Baseline Version},
	JOURNAL = {Geosci. Model Dev.},
	VOLUME = {6},
	PAGES ={735-763},
	DOI ={10.5194/gmd-6-735-2013}
}

@ARTICLE{Webb_etal_2001,
	AUTHOR = {M. Webb and C. Senior and S. Bony and J.-L. Morcrette}, 
	YEAR = {2001},
	TITLE = {Combining {ERBE} and {ISCCP} Data to Assess Clouds in the Hadley Centre, {ECMWF} and {LMD} Atmospheric Climate Models},
	JOURNAL = CDYN,
	VOLUME = {17},
	PAGES ={905-922}
}

@ARTICLE{Webb_etal_2015,
	AUTHOR = {Mark J. Webb and Adrian P. Lock and Christopher S. Bretherton
	and  Sandrine Bony and Jason N.S. Cole and Abderrahmane Idelkadi and Sarah M. Kang
	and Tsuyoshi Koshiro and Hideaki Kawai and Tomoo Ogura 
	and Romain Roehrig and Yechul Shin and Thorsten Mauritsen
	and Steven C. Sherwood and Jessica Vial and Masahiro Watanabe
	and Matthew D. Woelfle and Ming Zhao},
	YEAR = {2015},
	TITLE = {The Impact of Parameterized Convection on Cloud Feedback},
	JOURNAL = PTRS,
	VOLUME = {373},
	DOI     = {10.1098/rsta.2014.0414},
}

@ARTICLE{Webb_etal_2017,
	AUTHOR = {Mark J. Webb and Timothy Andrews and Alejandro Bodas-Salcedo and  Sandrine Bony and Christopher S. Bretherton
	and Robin Chadwick and Helene Chepfer and Herve Douville and Peter Good and Jennifer E. Kay and Stephen A. Klein and Roger Marchand
	and Brian Medeiros and A. Pier Siebesma and Christopher B. Skinner and Bjorn Stevens and George Tselioudis and Yoko Tsushima and Masahiro Watanabe},
	YEAR = {2017},
	TITLE = {The Cloud Feedback Model Intercomparison Project ({CFMIP}) contribution to {CMIP6}},
	JOURNAL = GEOMDEV,
	VOLUME = {10},
	DOI     = {10.5194/gmd-10-359-2017},
}

@ARTICLE{Wing_Emanuel_2014,
	AUTHOR = {A. A. Wing and K. A. Emanuel},
	YEAR = {2014},
	TITLE = {Physical Mechanisms Controlling Self-Aggregation of Convection in Idealized Numerical Modeling Simulations},
	JOURNAL = {J. Adv. Model. Earth Syst.},
	VOLUME = {6},
	PAGES ={59-74},
	DOI ={10.1002/2013MS000269}
}

@ARTICLE{Wood_Bretherton_2006,
	AUTHOR = {Robert Wood and Christopher S. Bretherton},
	YEAR = {2006},
	TITLE = {On the Relationship between Stratiform Low Cloud Cover and Lower-Tropospheric Stability},
	JOURNAL = {JCLI},
	VOLUME = {19},
	PAGES = {6425-6432},
	DOI = {10.1175/JCLI3988.1}
}

@ARTICLE{Zaengl_etal_2014,
	AUTHOR = {G. Z\"{a}ngl and D. Reinert and P. Ripodas and M. Baldauf},
	YEAR = {2014},
	TITLE = {The {ICON}({ICO}sahedral {N}on-hydrostatic Modelling Framework of {DWD} and {MPI-M}: Description
	of the Non-hydrostatic Dynamical Core)},
	JOURNAL = {Quart. J. Roy. Meteor. Soc.},
	VOLUME = {141},
	PAGES = {563-579},
	DOI     = {10.1002/qj.2378},
}

@ARTICLE{Zelinka_Hartmann_2011,
	AUTHOR = {Mark D. Zelinka and Dennis L. Hartmann},
	YEAR = {2011},
	TITLE = {The Observed Sensitivity of High Clouds to Mean Surface Temperature Anomalies in the Tropics},
	JOURNAL = {J.\ Geophys.\ Res.},
	VOLUME = {116},
	DOI     = {10.1029/2011JD016459},
}

@PHDTHESIS{Zhou_2015,
	AUTHOR  = {Wenyu Zhou},
	YEAR    = 2015, 
	TITLE   = {Non-{R}otating and Rotating Raditive-{C}onvective Equilibrium},
	SCHOOL  = {Princeton University},
	PAGES   = {125}
}

@ARTICLE{Zhou_etal_2016,
	AUTHOR = {Chen Zhou and Mark D. Zelinka and Stephen A. Klein},
	YEAR = {2016},
	TITLE = {Impact of Decadal Cloud Variations on the Earth's Energy Budget},
	JOURNAL = NGEO,
	VOLUME = {9},
	DOI     = {10.1038/ngeo2828},
}

@ARTICLE{Zhao_etal_2016,
	AUTHOR = {Ming Zhao and J.-C. Golaz and Isaac M. Held and V. Ramaswamy and S.-J. Lin and Yi Ming and Paul Ginoux and Bruce Wyman and Leo J. Donner and David Paynter},
	YEAR = {2016},
	TITLE = {Uncertainty in Model Climate Sensitivity Traced to Representations of Cumulus Precipitation Microphysics},
	JOURNAL = {JCLI},
	VOLUME = {29},
	PAGES = {543-560},
	DOI = {10.1175/JCLI-D-15-0191.1}
}

%Book database entry
@BOOK{Oke1979,
	AUTHOR = {T. R. Oke},
	YEAR = 1979,
	TITLE = {Boundary Layer Climates},
	PUBLISHER = {Wiley and Sons},
	PAGES = {372}
}

@BOOK{Chorin_Marsden1993,
	AUTHOR = {A. J. Chorin and J. E. Marsden},
	TITLE = {A Mathematical Introduction to Fluid Dynamics},
	YEAR = {1993},
	PUBLISHER = {Springer-Verlag},
	EDITION = {3},
	PAGES = {169}
}
% Chapter in a book database entry
@INCOLLECTION{Kauranne1990,
	AUTHOR = {T. Kauranne},
	YEAR = 1990,
	TITLE = {An introduction to parallel processing in meteorology},
	BOOKTITLE = {The Dawn of Massively Parallel Processing in Meteorology},
	EDITOR = {G. R. Hoffman and D. K. Maretis},
	PUBLISHER = {Springer-Verlag},
	PAGES = {3-20}
}
%Multivolume book databas entry
@BOOK{Courant_Hilbert1953,
	AUTHOR = {R. Courant and D. Hilbert},
	YEAR = 1953,
	TITLE = {Methods of Mathematical Physics},
	VOLUME = 1,
	PUBLISHER = {Wiley-Interscience},
	PAGES = 560
}
%Multivolume book database entry
@BOOK{Pettersson1956,
	AUTHOR = {S. Pettersson},
	YEAR = 1956,
	TITLE = {Weather Analysis and Forecasting},
	VOLUME = 2,
	SERIES = {Motion and Motion Systems},
	PUBLISHER = {McGraw Hill},
	PAGES = 428
}
%Series database entry
@BOOK{Andrews_Holton_Leovoy1987,
	AUTHOR = {D. G. Andrews and J. R. Holton and C. B. Leovy},
	YEAR = 1987,
	TITLE = {Middle Atmosphere Dynamics},
	SERIES = {International Geophysical Series},
	VOLUME = 40,
	PUBLISHER = {Academic Press},
	PAGES = 489
}
%Report database entry
@TECHREPORT{Gannon1978,
	AUTHOR = {P. T. Gannon},
	YEAR = 1978,
	TITLE = {Influences of earth surface and cloud properties in the south {F}lorida sea breeze},
	TYPE = {NOAA Tech. Rep.},
	NUMBER = {ERL402-NHELM2},
	PAGES = 91,
	NOTE = {[NTIS PB-297398.]}
}
%Note database entry
@TECHREPORT{Anthes1987,
  AUTHOR  = {R. A. Anthes and E.-Y. Hsie and Y.-H. Kuo},
	YEAR    = 1987,
	TITLE   = {Description of the {P}enn {S}tate/{NCAR} {M}esoscale {M}odel {V}ersion 4 ({MM4})},
	TYPE    = {NCAR Tech. Note},
	NUMBER  = {NCAR/TN-282+STR},
	PAGES   = 66
}
%Memo database entry
@TECHREPORT{Chen1979,
	AUTHOR  = {T. C. Chen},
	YEAR    = 1979,
	TITLE   = {On the Kinetic Energy of the Divergent and Nondivergent Flow in the Atmosphere},
	TYPE    = {Tech. {M}emo to the {N}ational {S}cience {F}oundation},
	NUMBER  = {},
  HOWPUBLISHED = {Grant GA-161660},
	INSTITUTION = {Iowa State University},
	ADDRESS = {Ames, IA},
	PAGES   = 143
}
%Another Report database entry
@TECHREPORT{Wentz1990,
	AUTHOR  = {F. J. Wentz},
	YEAR    = 1990,
	TITLE   = {West Coast Storm Forecasting with {SSM/I}. {V}ol. {I}},
	TYPE    = {Final Tech. Rep.},
	INSTITUTION = {Remote Sensing Systems},
	PAGES   = 42,
	NOTE    = {[Available from Remote Sensing Systems, 1101 College Ave., Suite 220, Santa Rosa, CA 95404.]}
}
%Report database entry
@TECHREPORT{Goodridge_Rhodes_Bingham1979,
	AUTHOR  = {J. P. Goodridge and H. Rhodes and E. G. Bingham},
	YEAR    = 1979,
	TITLE   = {Windstorms in {C}alifornia},
	INSTITUTION = {Division of Planning, Department of Water Resources, State of California},
	ADDRESS = {[Available from Division of Planning, Department of Water Resources, State of California, 1416 9th St., Sacramento, CA 95814.]},
	PAGES   = 34
}
%Preprints database entry
@INPROCEEDINGS{Lhermitte_Gilet1976,
	AUTHOR  = {R. Lhermitte and M. Gilet},
	YEAR    = 1976,
	TITLE   = {Aquisition and Processing of Tri-{D}oppler Radar Data},
	BOOKTITLE = {Preprints, 17th Conf.\ on Radar Meteorology},
	ADDRESS = {Seattle, WA},
	ORGANIZATION = AMS,
	PAGES   = {1-6},
}
%Proceeding database entry
@INPROCEEDINGS{Riley_Metcalfe_Weisman1981,
	AUTHOR  = {J. J. Riley and R. W. Metcalfe and M. A. Weisman},
	YEAR    = 1981,
	TITLE   = {Direct Numerical Simulations of Homogeneous Turbulence in Density-Stratified Fluids},
	BOOKTITLE = {Proc. AIP Conf. on Nonlinear Properties of Internal Waves},
	ADDRESS = {Houston, TX},
	ORGANIZATION = AIP,
	PAGES   = {79-112}
}
%Extended Abastracts database entry
@INPROCEEDINGS{FukutaEA1984,
	AUTHOR  = {N. Fukuta and H. S. Chang and J. L. Sutherland and D. A. Griffith},
	YEAR    = 1984,
	TITLE   = {Comparative Airborne Tests of Vapor-Activated Methaldehyde and Silver Iodide Particles in Supercooled Stratus Clouds},
	BOOKTITLE = {Extended Abstracts, Ninth Conf. on Weather Modification},
	ADDRESS = {Park City, UT},
	ORGANIZATION = AMS,
	PAGES   = {6-7}
}
%Proceedings database entry
@INPROCEEDINGS{Vali1970,
	AUTHOR  = {G. Vali},
	YEAR    = 1970,
	TITLE   = {Entry of Freezing Nuclei into Precipitation},
	BOOKTITLE = {Proc. Symp. on Precipitation Scavenging},
	ADDRESS = {Richland, WA},
	ORGANIZATION = {U.S. Atomic Energy Commission},
	PAGES   = {49-68},
	NOTE    = {[Available from G. Vali, Department of Atmospheric Science, University of Wyoming, Laramie, WY 82071.]}
}
%Conference preprints/Proceedings/Extended Abstracts on CD-ROM database entry
@INPROCEEDINGS{Kuji_Nakajima2002,
	AUTHOR  = {M. Kuji and T. Nakajima},
	YEAR    = 2002,
	TITLE   = {Retrieval of Cloud Geometrical Parameters Using Remote Sensing Data},
	BOOKTITLE = {11th Conf.\ on Cloud Physics},
	ADDRESS = {Ogden, UT},
	ORGANIZATION = AMS,
	HOWPUBLISHED = {CD-ROM},
	PAGES   = {JP1.7},
}
%Thesis Ph.D. database entry
@PHDTHESIS{Cheng1993,
	AUTHOR  = {X. Cheng},
	YEAR    = 1993, 
	TITLE   = {Linear and Nonlinear Aspects of {N}orthern {H}emisphere Wintertime Variability in the 500 mb Height Field},
	SCHOOL  = {University of Washington},
	PAGES   = 180,
	NOTE    = {[Available from University Microfilm, 305 N. Zeeb Rd., Ann Arbor, MI 48106.]}
}
%Thesis Master's database entry
@MASTERSTHESIS{Hirschberg1988,
	AUTHOR  = {P. Hirschberg},
	YEAR    = 1988, 
	TITLE   = {The Saline Flow into the {A}tlantic},
	DEPARTMENT = {Dept. of Oceanographic Studies},
	SCHOOL  = {The Pennsylvania State University},
	PAGES   = 207,
	NOTE    = {[NTIS PH-358930-2.]}
}
%Thesis database entry
@MASTERSTHESIS{Estournel1988,
	AUTHOR  = {C. Estournel},
	YEAR    = 1988, 
	TITLE   = {Etude de la phase nocturne de la couche limite atmospherique},
	TYPE    = {These doctorat d'etat 1361},
	SCHOOL  = {Universit{\'e} Paul Sabatier},
	PAGES   = 161,
	NOTE    = {[Available from Universit{\'e} Paul Sabatier, 118 route de Narbonne 31062, Toulouse, France.]}
}
%Monograph database entry
@INCOLLECTION{Braham1981,
	AUTHOR  = {R. R. Braham},
	YEAR    = 1981,
	TITLE   = {Urban Precipitation Processes},
	BOOKTITLE = {Metromex: A Review and Summary},
	SERIES  = {Meteor. Monogr.},
	NUMBER  = 40,
	PUBLISHER = AMS,
	PAGES   = {75-116}
}
%Atlas database entry
@MISC{Levitus1982,
	AUTHOR  = {S. Levitus},
	YEAR    = 1982,
	TITLE   = {Climatological Atlas of the World Ocean},
	PUBLISHER = {National Oceanic and Atmospheric Administration},
	PAGES   = 173
}
%Atlas database entry
@MISC{Bumpus_Lauzier1965,
	AUTHOR  = {D. F. Bumpus and L. M. Lauzier},
	YEAR    = 1965,
	TITLE   = {Serial Atlas of the Marine Environment},
	SERIES = {Surface circulation on the continental shelf off eastern {N}orth {A}merica between {N}ewfoundland and {F}lorida},
	PUBLISHER = {American Geographical Society},
  NOTE = {{F}olio 7, {P}late 8},
	PAGES   = 4,
}
%Electronic document database entry
@MISC{NCSA1994,
	AUTHOR  = {NCSA},
	YEAR    = {cited 1994},
	TITLE   = {A Beginner's Guide to {HTML}},
	NOTE    = {[Available online at http://www/ncsa.uiuc.edu/General/Internet/WWW/HTMLPrimer.html.]}
}
%Software database entry
@MISC{Smith1991,
	AUTHOR  = {J. Smith},
	YEAR    = 1991,
	TITLE   = {{FORTRAN} {H}-extended {V}ersion 2.3},
	NOTE    = {IBM}
}
%Reference with DOI database entry
@ARTICLE{MeixnerEA2002,
	AUTHOR  = {T. Meixner and L. A. Bastidas and H. V. Gupta and R. C. Bales},
	YEAR    = 2002,
	TITLE   = {Multicriteria Parameter Estimation of Models of Stream Chemical Composition},
	JOURNAL = {Water Resour. Res.},
	VOLUME  = 38,
  EID     = 1027,
	DOI     = {10.1029/2000WR000112},
}
