@unpublished{Stansfield_etal_2020,
	Author =  { {Stansfield}, A.~M. and {Reed}, K.~A. and {Zarzycki}, C. M.,  {Ullrich}, P. A.  and {Chavas}, D. R.},
	Note = {{J. Hydrometeorol}, in press},
	Title = {Assessing Tropical Cyclones' Contribution to Precipitation over the Eastern {U}nited {S}tates and Sensitivity to the Variable-Resolution Domain Extent},
	doi = {10.1175/JHM-D-19-0240.1},
	Year = {2020}
} 

@article{Bjerknes_1969,
  title={Atmospheric teleconnections from the equatorial {P}acific},
  author={Bjerknes, J},
  journal={Mon. Wea. Rev.},
  volume={97},
  number={3},
  pages={163--172},
  year={1969}}

@ARTICLE{Bony_etal_2004,
        AUTHOR = {Sandrine Bony and J. L. Dufresne and H. Le Treut and J.-J. Morcrette and C. Senior},
        YEAR = {2004},
        TITLE = {On Dynamic and Thermodynamic Components of Cloud Changes},
        JOURNAL = "Clim.\ Dynam.",
        VOLUME = {22},
        DOI     = {10.1007/s00382-003-0369-6}}

@article{Bony_etal_2013,
        Abstract = {Predicting the response of tropical rainfall to climate change remains a challenge. An analysis of climate model simulations suggests that in an emission scenario without mitigation, a large fraction of tropical precipitation change will be independent of global surface warming over the twenty-first century.},
        Author = {Bony, Sandrine and Bellon, Gilles and Klocke, Daniel and Sherwood, Steven and Fermepin, Solange and Denvil, S{\'e}bastien},
        Doi = {10.1038/ngeo1799},
        Journal = {Nature Geoscience},
        Number = {6},
        Pages = {447--451},
        Title = {Robust direct effect of carbon dioxide on tropical circulation and regional precipitation},
        Volume = {6},
        Year = {2013}}

@ARTICLE{Bony_etal_2015,
        AUTHOR = {S. Bony and B. Stevens and Dargan M.W. Frierson and Christian Jakob and Masa Kageyama and Robert Pincus and Theodore G. Shepherd and Steven C. Sherwood and A. Pier Siebesma and Adam H. Sobel and Masahiro Watanabe and Mark J. Webb},
        YEAR = {2015},
        TITLE = {Clouds, Circulation, and Climate Sensitivity},
        JOURNAL = NGEO,
        VOLUME = {8},
        DOI     = {10.1038/NGEO2398}}

@ARTICLE{Bony_Dufresne_2005,
        AUTHOR = {S. Bony and J. L. Dufresne},
        YEAR = {2005},
        TITLE = {Marine Boundary Layer Clouds at the Heart of Tropical Cloud Feedback Uncertainties in Climate Models},
        JOURNAL = {Geophys.\ Res.\ Lett.},
        VOLUME = {32},
        DOI     = {10.1029/2005GL023851}}

@ARTICLE{Bretherton_etal_2004,
        AUTHOR = {C. S. Bretherton and M. E. Peters and L. E. Back},
        YEAR = {2004},
        TITLE = {A new parameterization for shallow cumulus convection and its application to marine subtropical cloud-topped boundary layers.  Part I: Description and 1-d results},
        JOURNAL = MWR,
        VOLUME = {132},
        PAGES = {864-882}}

@ARTICLE{Cess_etal_1989,
        AUTHOR = {R. D. Cess and G. L. Potter and J.P. Blanchet},
        YEAR = {1989},
        TITLE = {Interpretation of Cloud-Climate Feedback as Produced by 14 Atmospheric General Circulation Models},
        JOURNAL = {Science},
        VOLUME = {245},
        PAGES ={513-516}
}

@ARTICLE{Donner_etal_2011,
        AUTHOR = {Leo J. Donner and Coauthors},
        YEAR = {2011},
        TITLE = {The Dynamical Core, Physical Parameterizations, and Basic Simulation Characteristics of the Atmospheric Component {AM3} of the {GFDL} Global Coupled Model {CM3}},
        JOURNAL = {JCLI},
        VOLUME = {24},
        PAGES = {3484-3519},
        DOI = {10.1175/2011JCLI3955.1}
}

@article{Oort_etal_1996,
author = {Oort, Abraham H. and Yienger, James J.},
title = {Observed Interannual Variability in the {H}adley Circulation and Its Connection to {ENSO}},
journal = {J. Climate},
volume = {9},
number = {11},
pages = {2751-2767},
year = {1996},
doi = {10.1175/1520-0442(1996)009<2751:OIVITH>2.0.CO;2}}

@article{Philander1996,
author = {Philander, S. G. H. and Gu, D. and Lambert, G. and Li, T. and Halpern, D. and Lau, N-C. and Pacanowski, R. C.},
title = {Why the {ITCZ} Is Mostly North of the Equator},
journal = {J. Climate},
volume = {9},
number = {12},
pages = {2958-2972},
year = {1996},
doi = {10.1175/1520-0442(1996)009<2958:WTIIMN>2.0.CO;2}}
  
@article{Schwendike_etal_2014,
author = {Schwendike, Juliane and Govekar, Pallavi and Reeder, Michael J. and Wardle, Richard and Berry, Gareth J. and Jakob, Christian},
title = {Local partitioning of the overturning circulation in the tropics and the connection to the {H}adley and {W}alker circulations},
journal = {J. Geophys. Res.-Atmos.},
volume = {119},
number = {3},
pages = {1322-1339},
doi = {10.1002/2013JD020742},
year = {2014}}

@article{Pierrehumbert1995,
author = {Pierrehumbert, R. T.},
title = {Thermostats, Radiator Fins, and the Local Runaway Greenhouse},
journal = {J. Atmos. Sci.},
volume = {52},
number = {10},
pages = {1784-1806},
year = {1995},
doi = {10.1175/1520-0469(1995)052<1784:TRFATL>2.0.CO;2}}

@ARTICLE{Moebis_Stevens_2012,
        AUTHOR = {Benjamin M\"{o}bis and Bjorn Stevens},
        YEAR =  {2012},
        TITLE = {Factors Controlling the Position of the Intertropical Convergence Zone on an Aquaplanet},
        JOURNAL = {J. Adv. Model. Earth Syst.},
        VOLUME = {4},
        DOI ={10.1029/2012MS000199}
}

@article{Byrne_Schneider_2016b,
author = {Byrne, Michael P. and Schneider, Tapio},
title = {Narrowing of the {ITCZ} in a warming climate: Physical mechanisms},
journal = {Geophys. Res. Lett.},
volume = {43},
number = {21},
pages = {11,350-11,357},
keywords = {ITCZ narrowing, climate change, physical mechanisms, atmospheric energy budget},
doi = {10.1002/2016GL070396},
year = {2016}
}

@article{Byrne_Schneider_2016a,
author = {Byrne, Michael P. and Schneider, Tapio},
title = {Energetic Constraints on the Width of the Intertropical Convergence Zone},
journal = {J. Climate},
volume = {29},
number = {13},
pages = {4709-4721},
year = {2016},
doi = {10.1175/JCLI-D-15-0767.1}
}

@article{Schneider_etal_2014,
author = {Schneider, Tapio and Bischoff, Tobias and Haug, Gerald H.},
title = {Migrations and Dynamics of the Intertropical Convergence Zone},
journal ={Nature},
year ={2014},
volume = {513}
}

@article{Harrop_Hartmann_2016,
author = {Harrop, Bryce E. and Hartmann, Dennis L.},
title = {The Role of Cloud Radiative Heating in Determining the Location of the {ITCZ} in Aquaplanet Simulations},
journal = {J. Climate},
volume = {29},
number = {8},
pages = {2741-2763},
year = {2016},
doi = {10.1175/JCLI-D-15-0521.1}
}

@article{Herrington_etal_2020,
  title={Parameterized convection, grid-scale clouds and resolution sensitivity in the {C}ommunity {A}tmosphere {M}odel},
  author={Herrington, Adam R and Reed, Kevin A},
  journal={Quart. J. Roy. Met. Soc.},
  note={in review},
  year={2020}}

@ARTICLE{Popp_Silvers_2017,
        AUTHOR = {Max Popp and Levi G. Silvers},
        YEAR = {2017},
        TITLE = {Double and Single {ITCZ}s With and Without Clouds},
        JOURNAL = {J. Climate},
        VOLUME = {30},
        PAGES ={9147-9166},
        DOI ={10.1175/JCLI-D-17-0062.1}}
        
@inbook{Randall_etal_2007,
   author = {Randall, D.A. and Wood, R.A. and Bony, S. and Colman, R. and Fichefet, T. and Fyfe, J. and Kattsov, V. and Pitman, A. and Shukla, J. and Srinivasan, J. and Stouffer, R.J. and Sumi, A. and Taylor, K.E.},
   title = {Climate Models and Their Evaluation},
   booktitle = {Climate Change 2007: The Physical Science Basis. Contribution of Working Group I to the Fourth Assessment Report of the Intergovernmental Panel on Climate Change},
   editor = {Solomon, S. and Qin, D. and Manning, M. and Chen, Z. and Marquis, M. and Averyt, K.B. and M.Tignor and Miller, H.L.},
   publisher = {Cambridge University Press,},
   address = {Cambridge, United Kingdom and New York, NY, USA.},
   pages = {pp. 589-662},
   year = {2007},
   type = {Book Section}
}

@article{Li202020CAM6I,
  title={Climatology of severe local storm environments and synoptic-scale features over {N}orth {A}merica in {ERA}5 reanalysis and {CAM}6 simulation},
  author={Li, Funing and Chavas, Daniel R and Reed, Kevin A and Dawson II, Daniel T.},
  journal={J. Climate},
  note={in review},
  year={2020}
}
@article{Li202020CAM6II,
  title={The role of elevated terrain and the {G}ulf of {M}exico in the production of severe local storm environments over North America},
  author={Li, Funing and Chavas, Daniel R and Reed, Kevin A and Rosenbloom, N and Dawson II, Daniel T.},
  journal={J. Climate},
  note={in review},
  year={2020}
}
@article{Varuolo2019NAM,
  title={Characterizing the {N}orth {A}merican Monsoon in the {C}ommunity {A}tmosphere {M}odel: Sensitivity to Resolution and Topography},
  author={Varuolo-Clarke, Arianna M and Reed, Kevin A and Medeiros, Brian},
  journal={J. Climate},
  volume={32},
  number={23},
  pages={8355--8372},
  year={2019}
}
@article{Wing_etal_2020,
  title={Clouds and Convective Self-Aggregation in a Multi-Model Ensemble of Radiative-Convective Equilibrium Simulations},
  author={Allison A. Wing and Catherine L. Stauffer and Tobias Becker and Kevin A. Reed and Min-Seop Ahn and Nathan Arnold and Sandrine Bony and Mark Branson and George Bryan and Jean-Pierre Chaboureau and Stephan de Roode and Kulkarni Gayatri and Cathy Hohenegger and I-Kuan Hu and Fredrik Jansson and Todd R. Jones and and Marat Khairoutdinov and Daehyun Kim and Shuhei Matsugishi and Zane Martin and and Brian Medeiros and Hiroaki Miura and Yumin Moon and Sebastian K. Mulle and Tomoki Ohno and Max Popp and Thara Prabhakaran and David Randall and Rosimar Rios-Berrios and Nicolas Rochetin and Romain Roehrig and David M. Romps and and James H. Ruppert, Jr., and Masaki Satoh and Levi Silvers and Martin S. Singh and Bjorn Stevens and Lorenzo Tomassini and Chiel C. van Heerwaarden and Shuguang Wang and Ming Zhao},
  journal={J. Adv. Model. Earth Syst.},
  note={in review},
  year={2020}
}
@article{mctaggart2007,
  title={{H}urricane {K}atrina (2005). {P}art {II}: Evolution and hemispheric impacts of a diabatically generated warm pool},
  author={McTaggart-Cowan, Ron and Bosart, Lance F and Gyakum, John R and Atallah, Eyad H},
  journal={Mon. Wea. Rev.},
  volume={135},
  number={12},
  pages={3927--3949},
  year={2007}
}
@article{scoccimarro2017,
  title={Tropical cyclone interaction with the ocean: The role of high-frequency (subdaily) coupled processes},
  author={Scoccimarro, Enrico and Fogli, Pier Giuseppe and Reed, Kevin A and Gualdi, Silvio and Masina, Simona and Navarra, Antonio},
  journal={J. Climate},
  volume={30},
  number={1},
  pages={145--162},
  year={2017}
}
@article{scoccimarro2011,
  title={Effects of tropical cyclones on ocean heat transport in a high-resolution coupled general circulation model},
  author={Scoccimarro, Enrico and Gualdi, Silvio and Bellucci, Alessio and Sanna, Antonella and Giuseppe Fogli, Pier and Manzini, Elisa and Vichi, Marcello and Oddo, Paolo and Navarra, Antonio},
  journal={J. Climate},
  volume={24},
  number={16},
  pages={4368--4384},
  year={2011}
}
@article{lin2017,
  title={Ocean response to typhoons in the western {N}orth {P}acific: Composite results from {A}rgo data},
  author={Lin, Sheng and Zhang, Wen-Zhou and Shang, Shao-Ping and Hong, Hua-Sheng},
  journal={Deep Sea Research Part I: Oceanographic Research Papers},
  volume={123},
  pages={62--74},
  year={2017},
  publisher={Elsevier}
}
@article{korty2008,
  title={Tropical cyclone-induced upper-ocean mixing and climate: Application to equable climates},
  author={Korty, Robert L and Emanuel, Kerry A and Scott, Jeffery R},
  journal={J. Climate},
  volume={21},
  number={4},
  pages={638--654},
  year={2008}
}
@article{emanuel2002,
  title={A simple model of multiple climate regimes},
  author={Emanuel, Kerry},
  journal={J. Geophys. Res.-Atmos.},
  volume={107},
  number={D9},
  pages={ACL--4},
  year={2002},
  publisher={Wiley Online Library}
}
@article{emanuel2001,
  title={Contribution of tropical cyclones to meridional heat transport by the oceans},
  author={Emanuel, Kerry},
  journal={J. Geophys. Res.-Atmos.},
  volume={106},
  number={D14},
  pages={14771--14781},
  year={2001},
  publisher={Wiley Online Library}
}
@article{Held_2005,
author = {Held, Isaac M.},
title = {The Gap between Simulation and Understanding in Climate Modeling},
journal = {Bull. Amer. Meteor. Soc.},
volume = {86},
number = {11},
pages = {1609-1614},
year = {2005},
doi = {10.1175/BAMS-86-11-1609}
}

@article{Held_etal_2019,
author = {Held, I. M. and Guo, H. and Adcroft, A. and Dunne, J. P. and Horowitz, L. W. and Krasting, J. and Shevliakova, E. and Winton, M. and Zhao, M. and Bushuk, M. and Wittenberg, A. T. and Wyman, B. and Xiang, B. and Zhang, R. and Anderson, W. and Balaji, V. and Donner, L. and Dunne, K. and Durachta, J. and Gauthier, P. P. G. and Ginoux, P. and Golaz, J.-C. and Griffies, S. M. and Hallberg, R. and Harris, L. and Harrison, M. and Hurlin, W. and John, J. and Lin, P. and Lin, S.-J. and Malyshev, S. and Menzel, R. and Milly, P. C. D. and Ming, Y. and Naik, V. and Paynter, D. and Paulot, F. and Rammaswamy, V. and Reichl, B. and Robinson, T. and Rosati, A. and Seman, C. and Silvers, L. G. and Underwood, S. and Zadeh, N.},
title = {Structure and Performance of {GFDL}'s {CM}4.0 Climate Model},
journal = {Journal of Advances in Modeling Earth Systems},
volume = {11},
number = {11},
pages = {3691-3727},
keywords = {coupled, climate, model, GFDL, CMIP6, CM4},
year = {2019},
doi = {10.1029/2019MS001829}}

@article{Ganachaud_Wunsch_2003,
  title={Large-scale ocean heat and freshwater transports during the {W}orld {O}cean {C}irculation {E}xperiment},
  author={Ganachaud, Alexandre and Wunsch, Carl},
  journal={J. Climate},
  volume={16},
  number={4},
  pages={696--705},
  year={2003}
}

@article{Jansen_etal_2010,
  title={Seasonal versus permanent thermocline warming by tropical cyclones},
  author={Jansen, Malte F and Ferrari, Raffaele and Mooring, Todd A},
  journal={Geophys. Res. Lett.},
  volume={37},
  number={3},
  year={2010},
  publisher={Wiley Online Library}
}
@article{jansen2009,
  title={Impact of the latitudinal distribution of tropical cyclones on ocean heat transport},
  author={Jansen, Malte and Ferrari, Raffaele},
  journal={Geophys. Res. Lett.},
  volume={36},
  number={6},
  year={2009},
  publisher={Wiley Online Library}
}
@article{mei2013,
  title={Sea surface height evidence for long-term warming effects of tropical cyclones on the ocean},
  author={Mei, Wei and Primeau, Fran{\c{c}}ois and McWilliams, James C and Pasquero, Claudia},
  journal={Proc. Natl. Acad. Sci.},
  volume={110},
  number={38},
  pages={15207--15210},
  year={2013},
  publisher={National Acad Sciences}
}
@article{pasquero2008,
  title={Tropical cyclones and transient upper-ocean warming},
  author={Pasquero, Claudia and Emanuel, Kerry},
  journal={J. Climate},
  volume={21},
  number={1},
  pages={149--162},
  year={2008}
}
@article{sriver2007,
  title={Observational evidence for an ocean heat pump induced by tropical cyclones},
  author={Sriver, Ryan L and Huber, Matthew},
  journal={Nature},
  volume={447},
  number={7144},
  pages={577--580},
  year={2007},
  publisher={Nature Publishing Group}
}
@article{sriver2008,
  title={Investigating tropical cyclone-climate feedbacks using the {TRMM} {M}icrowave {I}mager and the {Q}uick {S}catterometer},
  author={Sriver, Ryan L and Huber, Matthew and Nusbaumer, Jesse},
  journal={Geochemistry, Geophysics, Geosystems},
  volume={9},
  number={9},
  year={2008},
  publisher={Wiley Online Library}
}
@article{park2011,
  title={Argo array observation of ocean heat content changes induced by tropical cyclones in the {N}orth {P}acific},
  author={Park, Jong Jin and Kwon, Young-Oh and Price, James F},
  journal={J. Geophys. Res.-Oceans.},
  volume={116},
  number={C12},
  year={2011},
  publisher={Wiley Online Library}
}


@article{Reed2012,
    author = {Reed, Kevin A. and Jablonowski, Christiane},
    title = {Idealized tropical cyclone simulations of intermediate complexity: A test case for {AGCM}s},
    journal = {J. Adv. Model. Earth Syst.},
    volume = {4},
    number = {2},
    pages = {},
    year = {2012},
    doi = {10.1029/2011MS000099}
}
@article{Wehner2015,
	Author = {{Wehner}, M.~F. and {Prabhat} and {Reed}, K.~A. and {Stone}, D. and {Collins}, W.~D. and {Bacmeister}, J.~T.},
	Doi = {10.1175/JCLI-D-14-00311.1},
	Journal = {J. Clim.},
	Pages = {3905--3925},
	Title = {Resolution dependence of future tropical cyclone projections of {CAM}5.1 in the {US} {CLIVAR} {H}urricane {W}orking {G}roup idealized configurations},
	Volume = 28,
	Year = {2015}
}
@article{Murakami2012,
	Author = {{Murakami}, H. and {Wang}, Y. and {Yoshimura}, H. and {Mizuta}, R. and {Sugi}, M. and {Shindo}, E. and {Adachi}, Y. and {Yukimoto}, S. and {Hosaka}, M. and {Kusunoki}, S. and {Ose}, T. and {Kitoh}, A.},
	Doi = {10.1175/JCLI-D-11-00415.1},
	Journal = {J. Clim.},
	Month = may,
	Pages = {3237--3260},
	Title = {Future Changes in Tropical Cyclone Activity Projected by the New High-Resolution {MRI-AGCM}*},
	Volume = 25,
	Year = 2012
}
@article{Bacmeister2018,
  	title={Projected changes in tropical cyclone activity under future warming scenarios using a high-resolution climate model},
  	author={Bacmeister, Julio T and Reed, Kevin A and Hannay, Cecile and Lawrence, Peter and Bates, Susan and Truesdale, John E and Rosenbloom, Nan and Levy, Michael},
  	journal={Climatic Change},
  	pages={547--560},
  	year={2018},
    volume={146},
    number={3},
  	doi={10.1007/s10584-016-1750-x}
}
@Article{Wehner2018,
	AUTHOR = {Wehner, M. F. and Reed, K. A. and Loring, B. and Stone, D. and Krishnan, H.},
	TITLE = {Changes in tropical cyclones under stabilized 1.5 and 2.0${}^\circ$C global warming scenarios as simulated by the {C}ommunity {A}tmospheric {M}odel under the {HAPPI} protocols},
	JOURNAL = {Earth Syst. Dynam.},
	VOLUME = {9},
	YEAR = {2018},
	NUMBER = {1},
	PAGES = {187--195},
	DOI = {10.5194/esd-9-187-2018}
}
@ARTICLE{Knutson2015,
	author = {{Knutson}, T.~R. and {Sirutis}, J.~J. and {Zhao}, M. and {Tuleya}, R.~E. and {Bender}, M. and {Vecchi}, G.~A. and {Villarini}, G. and {Chavas}, D.},
   	title = "{Global Projections of Intense Tropical Cyclone Activity for the Late Twenty-First Century from Dynamical Downscaling of {CMIP5/RCP}4.5 Scenarios}",
  	journal = {J. Clim.},
     	year = 2015,
    	month = sep,
   	volume = 28,
    	pages = {7203-7224},
      	doi = {10.1175/JCLI-D-15-0129.1}
}
@article{Neale2000,
	Author = {{Neale}, R.~B. and {Hoskins}, B.~J.},
	Doi = {10.1006/asle.2000.0019},
	Journal = {Atmos. Sci. Lett.},
	Keywords = {AGCM, sea-surface temperature, aqua-planet},
	Month = jul,
	Pages = {101--107},
	Title = "A standard test for {AGCMs} including their physical parametrizations: {I}: the proposal",
	Volume = 1,
	Year = 2000
}
@article{Blackburn2013,
  title={The aqua-planet experiment ({APE}): Control {SST} simulation},
  author={Blackburn, Michael and Williamson, David L and Nakajima, Kensuke and Ohfuchi, Wataru and Takahashi, Yoshiyuki O and Hayashi, Yoshi-Yuki and Nakamura, Hisashi and Ishiwatari, Masaki and McGREGOR, John L and Borth, Hartmut and others},
  journal={Journal of the Meteorological Society of Japan. Ser. II},
  volume={91},
  pages={17--56},
  year={2013},
  publisher={Meteorological Society of Japan}
}
@article{Medeiros2008,
author = {Medeiros, Brian and Stevens, Bjorn and Held, Isaac M. and Zhao, Ming and Williamson, David L. and Olson, Jerry G. and Bretherton, Christopher S.},
title = {Aquaplanets, Climate Sensitivity, and Low Clouds},
journal = {J. Climate},
volume = {21},
number = {19},
pages = {4974-4991},
year = {2008},
doi = {10.1175/2008JCLI1995.1}
}
@article{Williamson2003,
author = {Williamson, David L. and Olson, Jerry G.},
title = {Dependence of aqua-planet simulations on time step},
journal = {Quart. J. Roy. Meteor. Soc.},
volume = {129},
number = {591},
pages = {2049-2064},
keywords = {Eulerian, Parametrization, Precipitation, Semi-Lagrangian},
doi = {10.1256/qj.02.62},
year = {2003}
}
@article{OBrien2013,
author = {O'Brien, Travis A. and Li, Fuyu and Collins, William D. and Rauscher, Sara A. and Ringler, Todd D. and Taylor, Mark and Hagos, Samson M. and Leung, L. Ruby},
title = {Observed Scaling in Clouds and Precipitation and Scale Incognizance in Regional to Global Atmospheric Models},
journal = {J. Climate},
volume = {26},
number = {23},
pages = {9313-9333},
year = {2013},
doi = {10.1175/JCLI-D-13-00005.1}
}
@article{Herrington2017,
author = {Herrington, Adam R. and Reed, Kevin A.},
title = {An Explanation for the Sensitivity of the Mean State of the {C}ommunity {A}tmosphere {M}odel to Horizontal Resolution on Aquaplanets},
journal = {J. Climate},
volume = {30},
number = {13},
pages = {4781-4797},
year = {2017},
doi = {10.1175/JCLI-D-16-0069.1}
}
@article {Stevens_Bony_2013,
	author = {Stevens, Bjorn and Bony, Sandrine},
	title = {What Are Climate Models Missing?},
	volume = {340},
	number = {6136},
	pages = {1053--1054},
	year = {2013},
	doi = {10.1126/science.1237554},
	publisher = {American Association for the Advancement of Science},
	journal = {Science}
}
@Article{Medeiros_etal_2015,
  title={Using aquaplanets to understand the robust responses of comprehensive climate models to forcing},
  author={Medeiros, Brian and Stevens, Bjorn and Bony, Sandrine},
  journal={Climate Dynamics},
  volume={44},
  number={7-8},
  pages={1957--1977},
  year={2015},
  publisher={Springer}
}
@ARTICLE{Eyring_etal_2016,
  author = {{Eyring}, V. and {Bony}, S. and {Meehl}, G.~A. and {Senior}, C.~A.
	and {Stevens}, B. and {Stouffer}, R.~J. and {Taylor}, K.~E.},
  title = {{Overview of the {C}oupled {M}odel {I}ntercomparison {P}roject Phase 6 ({CMIP}6)
	experimental design and organization}},
  journal = {Geoscientific Model Development},
  year = {2016},
  volume = {9},
  pages = {1937-1958},
  month = may,
  doi = {10.5194/gmd-9-1937-2016}
}
@article{Held_Suarez_1994,
author = {Held, Isaac M. and Suarez, Max J.},
title = {A Proposal for the Intercomparison of the Dynamical Cores of Atmospheric General Circulation Models},
journal = {Bull. Amer. Meteor. Soc.},
volume = {75},
number = {10},
pages = {1825-1830},
year = {1994},
doi = {10.1175/1520-0477(1994)075<1825:APFTIO>2.0.CO;2}
}
@ARTICLE{Hurrell_etal_2013,
   author = {{Hurrell}, J.~W. and {Holland}, M.~M. and {Gent}, P.~R. and 
	{Ghan}, S. and {Kay}, J.~E. and {Kushner}, P.~J. and {Lamarque}, J.-F. and 
	{Large}, W.~G. and {Lawrence}, D. and {Lindsay}, K. and {Lipscomb}, W.~H. and 
	{Long}, M.~C. and {Mahowald}, N. and {Marsh}, D.~R. and {Neale}, R.~B. and 
	{Rasch}, P. and {Vavrus}, S. and {Vertenstein}, M. and {Bader}, D. and 
	{Collins}, W.~D. and {Hack}, J.~J. and {Kiehl}, J. and {Marshall}, S.
	},
    title = "{The {C}ommunity {E}arth {S}ystem {M}odel: A Framework for Collaborative Research}",
  journal = {Bull. Amer. Meteor. Soc.},
     year = 2013,
    month = sep,
   volume = 94,
    pages = {1339-1360},
      doi = {10.1175/BAMS-D-12-00121.1}
}

@article{Kay_etal_2012,
    author = {Kay, J. E. and Hillman, B. R. and Klein, S. A. and Zhang, Y. and Medeiros, B. and Pincus, R. and Gettelman, A. and Eaton, B. and Boyle, J. and Marchand, R. and Ackerman, T. P.},
    title = "{Exposing Global Cloud Biases in the Community Atmosphere Model (CAM) Using Satellite Observations and Their Corresponding Instrument Simulators}",
    journal = {Journal of Climate},
    volume = {25},
    number = {15},
    pages = {5190-5207},
    year = {2012},
    month = {08},
    issn = {0894-8755},
    doi = {10.1175/JCLI-D-11-00469.1}}

@article{Taylor_etal_2012,
  title={An overview of {CMIP}5 and the experiment design},
  author={Taylor, Karl E and Stouffer, Ronald J and Meehl, Gerald A},
  journal={Bull. Amer. Meteor. Soc.},
  volume={93},
  number={4},
  pages={485--498},
  year={2012},
  publisher={American Meteorological Society}
}
@article{Voigt_etal_2016,
author = {Voigt, Aiko and Biasutti, Michela and Scheff, Jacob and Bader, JÃŒrgen and Bordoni, Simona and Codron, Francis and Dixon, Ross D. and Jonas, Jeffrey and Kang, Sarah M. and Klingaman, Nicholas P. and Leung, Ruby and Lu, Jian and Mapes, Brian and Maroon, Elizabeth A. and McDermid, Sonali and Park, Jong-yeon and Roehrig, Romain and Rose, Brian E. J. and Russell, Gary L. and Seo, Jeongbin and Toniazzo, Thomas and Wei, Ho-Hsuan and Yoshimori, Masakazu and Vargas Zeppetello, Lucas R.},
title = {The tropical rain belts with an annual cycle and a continent model intercomparison project: {TRACMIP}},
journal = {J. Adv. Model. Earth Syst.},
volume = {8},
number = {4},
pages = {1868-1891},
doi = {10.1002/2016MS000748},
year = {2016}}

@article{Danabasoglu2020,
  title={The community earth system model version 2 ({CESM}2)},
  author={Danabasoglu, Gokhan and Lamarque, J-F and Bacmeister, J and Bailey, DA and DuVivier, AK and Edwards, Jim and Emmons, LK and Fasullo, John and Garcia, R and Gettelman, Andrew and others},
  journal={J. Adv. Model. Earth Syst.},
  volume={12},
  number={2},
  pages={e2019MS001916},
  year={2020},
  publisher={Wiley Online Library}
}
@article{Lin1996,
   author    = "S.-J. Lin and R. B. Rood",
   title     = "Multidimensional Flux-Form Semi-{L}agrangian Transport Scheme", 
   journal   = "Mon. Wea. Rev.",
   year      = 1996,
   month     = "September",
   volume    = 124,
   pages     = "2046--2070"
}
@article{Lin1997,
   author    = "S.-J. Lin and R. B. Rood",
   title     = "An explicit flux-form semi-{L}agrangian shallow water model on the
                sphere", 
   journal   = "Quart. J. Roy. Meteor. Soc.",
   year      = 1997,
   volume    = 123,
   pages     = "2477--2498"
}
@techreport{NCARCAM42010,
	Author = {R. B. Neale and J. H. Richter and A. J. Conley and S. Park and P. H. Lauritzen and A. Gettelman and D. L. Williamson and P. J. Rasch and S. J. Vavrus and M. A. Taylor and  W. D. Collins and  M. Zhang and S.-J. Lin},
	Institution = {National Center for Atmospheric Research, Boulder, Colorado},
	Month = {April},
	Note = {206 pp.},
	Number = {NCAR/TN-485+STR},
	Title = {Description of the {NCAR} {C}ommunity {A}tmosphere {M}odel ({CAM 4.0})},
	Type = {NCAR Tech. Note},
	Year = 2010
}
@ARTICLE{Hack1994,
   author = {{Hack}, J.~J.},
    title = "Parametrization of moist convection in the {N}ational {C}enter for {A}tmospheric {R}esearch {C}ommunity {C}limate {M}odel {(CCM2)}",
  journal = {J. Geophys. Res.-Atmos.},
 keywords = {Meteorology and Atmospheric Dynamics: Convective processes, Meteorology and Atmospheric Dynamics: General circulation, Meteorology and Atmospheric Dynamics: Climatology, Meteorology and Atmospheric Dynamics: Precipitation},
     year = 1994,
    month = mar,
   volume = 99,
    pages = {5551--5568},
      doi = {10.1029/93JD03478}
}
@ARTICLE{Holtslag1993,
   author = {{Holtslag}, A.~A.~M. and {Boville}, B.~A.},
    title = "Local Versus Nonlocal Boundary-Layer Diffusion in a Global Climate Model",
  journal = {J. Climate},
     year = 1993,
    month = oct,
   volume = 6,
    pages = {1825--1842},
      doi = {10.1175/1520-0442(1993)006<1825:LVNBLD>2.0.CO;2}
}
@article{ZhangMcFarlane1995,
	Author = {G.~J. Zhang and N.~A. McFarlane},
	Journal = {Atmos.--Ocean},
	Pages = {407--446},
	Title = {Sensitivity of climate simulations to the parameterization of cumulus convection in the {C}anadian {C}limate {C}entre {G}eneral {C}irculation {M}odel},
	Volume = 33,
	Year = 1995
}
@ARTICLE{Richter2008,
   author = {{Richter}, J.~H. and {Rasch}, P.~J.},
    title = "Effects of Convective Momentum Transport on the Atmospheric Circulation in the {C}ommunity {A}tmosphere {M}odel, Version 3",
  journal = {J. Climate},
     year = 2008,
   volume = 21,
    pages = {1487--1499},
      doi = {10.1175/2007JCLI1789.1}
}
@ARTICLE{Neale2008,
   author = {{Neale}, R.~B. and {Richter}, J.~H. and {Jochum}, M.},
    title = "The Impact of Convection on {ENSO: F}rom a Delayed Oscillator to a Series of Events",
  journal = {J. Climate},
     year = 2008,
   volume = 21,
    pages = {5904--5924},
      doi = {10.1175/2008JCLI2244.1}
}
@book{EmanuelDivineWind,
	Address = {New York},
	Author = {{Emanuel}, K.},
	Isbn = {978-0195149418},
	Pages = {296},
	Publisher = {Oxford University Press},
	Title = {Divine Wind: The History and Science of Hurricanes},
	Year = {2005}
}
  @ARTICLE{Pielke1998,
   author = {{Pielke}, Jr., R.~A. and {Landsea}, C.~W.},
    title = "{Normalized hurricane damages in the {U}nited {S}tates: 1925--95}",
  journal = {Weather Forecast.},
     year = 1998,
    month = sep,
   volume = 13,
    pages = {621-631},
      doi = {10.1175/1520-0434(1998)013<0621:NHDITU>2.0.CO;2}
}
@ARTICLE{Villarini2014tcflooding,
   author = {{Villarini}, G. and {Goska}, R. and {Smith}, J.~A. and {Vecchi}, G.~A.},
    title = "{{N}orth {A}tlantic Tropical Cyclones and {U.S.} Flooding}",
  journal = {Bull. Amer. Meteor. Soc.},
     year = 2014,
    month = sep,
   volume = 95,
    pages = {1381-1388},
      doi = {10.1175/BAMS-D-13-00060.1}
}
@article{moore2013synoptic,
  title={Synoptic-scale environments of predecessor rain events occurring east of the {R}ocky {M}ountains in association with {A}tlantic basin tropical cyclones},
  author={Moore, Benjamin J and Bosart, Lance F and Keyser, Daniel and Jurewicz, Michael L},
  journal={Mon. Wea. Rev.},
  volume={141},
  number={3},
  pages={1022--1047},
  year={2013}
}
@article{kunkel2012meteorological,
  title={Meteorological causes of the secular variations in observed extreme precipitation events for the conterminous {U}nited {S}tates},
  author={Kunkel, Kenneth E and Easterling, David R and Kristovich, David AR and Gleason, Byron and Stoecker, Leslie and Smith, Rebecca},
  journal={J. Hydrometeorol.},
doi={10.1175/JHM-D-11-0108.1},
  volume={13},
  number={3},
  pages={1131--1141},
  year={2012}
}
@MISC{Knabb2005Report,
  author = {Knabb, R. and Rhome, J.~R. and Brown, D.~P.},
  title = "{Tropical Cyclone Report: {H}urricane {K}atrina}",
  year={2005},
  institution={United States National Oceanic and Atmospheric Administration's National Weather Service},
  note = {Retrieved March 13, 2015},
}
@article{blake2018,
  title={{N}ational {H}urricane {C}enter tropical cyclone report},
  author={Blake, ES and Zelinsky, DA},
  url = {Hurricane Harvey. See https://www. nhc. noaa.gov/data/tcr/AL092017\_Harvey. pdf},
  year={2018}
}
@MISC{Blake2012Report,
  author = {Blake, E.~S. and Kimberlain, T.~B. and Berg, R.~J. and Cangialosi, J.~P. and Beven II, J.~L.},
  title = "{Tropical Cyclone Report: {H}urricane {S}andy}",
  year={2013},
  institution={United States National Oceanic and Atmospheric Administration's National Weather Service},
  note = {Retrieved March 13, 2015},
  url = {http://www.nhc.noaa.gov/data/tcr/AL182012_Sandy.pdf}
}
@Article{Ullrich2017,
AUTHOR = {Ullrich, P. A. and Zarzycki, C. M.},
TITLE = {{TempestExtremes}: a framework for scale-insensitive pointwise feature tracking on unstructured grids},
JOURNAL = {Geoscientific Model Development},
VOLUME = {10},
YEAR = {2017},
NUMBER = {3},
PAGES = {1069--1090},
URL = {https://www.geosci-model-dev.net/10/1069/2017/},
DOI = {10.5194/gmd-10-1069-2017}
}
@article{Zarzycki2017,
author = {Colin M. Zarzycki and Paul A. Ullrich },
title = {Assessing sensitivities in algorithmic detection of tropical cyclones in climate data},
journal = {Geophys. Res. Lett.},
year = {2017},
volume = {44},
number = {2},
pages = {1141-1149},
keywords = {tropical cyclones, tracking, climate data, reanalysis, climate extremes, detection},
doi = {10.1002/2016GL071606}
}
@ARTICLE{Wehner2014,
	Author = { {Wehner}, M.~F.  and {Reed}, K.~A. and {Li}, F.f and {Prabhat} and {Bacmeister}, J.~T. and {Chen}, C.-T. and {Paciorek}, C. and {Gleckler}, P. J. and {Sperber}, K. R. and {Collins}, W.~D. and {Gettelman}, A. and {Jablonowski}, C.},
	Journal = {J. Adv. Model. Earth Syst.},
	Title = {The effect of horizontal resolution on simulation quality in the {C}ommunity {A}tmospheric {M}odel, {CAM}5.1},
	Year = {2014},
	doi = {10.1002/2013MS000276}
}
@ARTICLE{Reed2011,
	Author = {{Reed}, K.~A.. and {Jablonowski}, C.},
	Title = {Assessing the Uncertainty of Tropical Cyclone Simulations in {NCAR}'s Community Atmosphere Model},
	Doi = {10.1029/2011MS000076},
	Journal = {J. Adv. Model. Earth Syst.},
	Pages = {M08002},
	Volume = 3,
	Year = {2011}
}
@ARTICLE{ReedandChavas2015,
  author = {Reed, Kevin A. and Chavas, Daniel R.},
  title = {Uniformly rotating global radiative-convective equilibrium in the
	{C}ommunity {A}tmosphere {M}odel, version 5},
  journal = {J. Adv. Model. Earth Syst.},
  year = {2015},
  volume = {7},
  pages = {1938--1955},
  number = {4},
  doi = {10.1002/2015MS000519}
}
@article{merlis2016,
  title={Surface temperature dependence of tropical cyclone-permitting simulations in a spherical model with uniform thermal forcing},
  author={Merlis, Timothy M and Zhou, Wenyu and Held, Isaac M and Zhao, Ming},
  journal={Geophys. Res. Lett.},
  volume={43},
  number={6},
  pages={2859--2865},
  year={2016},
  publisher={Wiley Online Library}
}
@article{shi2014,
  title={Large-scale character of an atmosphere in rotating radiative-convective equilibrium},
  author={Shi, Xiaoming and Bretherton, Christopher S},
  journal={J. Adv. Model. Earth Syst.},
  volume={6},
  number={3},
  pages={616--629},
  year={2014},
  publisher={Wiley Online Library}
}
@article{merlis2019,
  title={Aquaplanet Simulations of Tropical Cyclones},
  author={Merlis, Timothy M and Held, Isaac M},
  journal={Current Climate Change Reports},
  volume={5},
  number={3},
  pages={185--195},
  year={2019},
  publisher={Springer}
}
@article{chavas2019,
  title={Dynamical aquaplanet experiments with uniform thermal forcing: system dynamics and implications for tropical cyclone genesis and size},
  author={Chavas, Daniel R and Reed, Kevin A},
  journal={J. Atmos. Sci.},
  volume={76},
  number={8},
  pages={2257--2274},
  year={2019}
}
@article{Ballinger2015,
author = {Ballinger, Andrew P. and Merlis, Timothy M. and Held, Isaac M. and Zhao, Ming},
title = {The Sensitivity of Tropical Cyclone Activity to Off-Equatorial Thermal Forcing in Aquaplanet Simulations},
journal = {J. Atmos. Sci.},
volume = {72},
number = {6},
pages = {2286-2302},
year = {2015},
doi = {10.1175/JAS-D-14-0284.1}
}
@article{Walsh2020,
author = {Walsh, K. J. E. and Sharmila, S. and Thatcher, M. and Wales, S. and Utembe, S. and Vaughan, A.},
title = {Real World and Tropical Cyclone World. {P}art {II}: Sensitivity of Tropical Cyclone Formation to Uniform and Meridionally Varying Sea Surface Temperatures under Aquaplanet Conditions},
journal = {J. Climate},
volume = {33},
number = {4},
pages = {1473-1486},
year = {2020},
doi = {10.1175/JCLI-D-19-0079.1}
}
@article {Chavas2017,
	Title = {Physical understanding of the tropical cyclone wind-pressure relationship},
	Author = {Chavas, Daniel R and Reed, Kevin A and Knaff, John A},
	DOI = {10.1038/s41467-017-01546-9},
	Number = {1},
	Volume = {8},
	Month = {November},
	Year = {2017},
	Journal = {Nature Communications},
	Pages = {1360},
}
@article{Emanuel1995,
	Adsnote = {Provided by the SAO/NASA Astrophysics Data System},
	Adsurl = {http://adsabs.harvard.edu/abs/1995JAtS...52.3969E},
	Author = {{Emanuel}, K.~A.},
	Date-Added = {2009-11-03 11:18:29 -0500},
	Date-Modified = {2009-11-03 11:18:41 -0500},
	Journal = {J. Atmos. Sci.},
	Month = nov,
	Pages = {3969--3976},
	Title = {Sensitivity of Tropical Cyclones to Surface Exchange Coefficients and a Revised Steady-State Model Incorporating Eye Dynamics},
	Volume = 52,
	Year = 1995
}
  @INPROCEEDINGS{Emanuel&Nolan2004,
   author = {{Emanuel}, K.~A. and {Nolan}, D.~S.},
    title = "{Tropical cyclones and the global climate system}",
     year = 2004,
   booktitle = {In preprints for 26th Conference on Hurricanes and Tropical Meteorology, Miami, Florida},
   publisher = {Amer. Meteorol. Soc.}
} 
@article{marshall2007,
  title={Mean climate and variability of the atmosphere and ocean on an aquaplanet},
  author={Marshall, John and Ferreira, David and Campin, Jean-Michel and Enderton, Daniel},
  journal={J. Atmos. Sci.},
  volume={64},
  number={12},
  pages={4270--4286},
  year={2007}
}
@article{ferreira2010,
  title={Localization of deep water formation: Role of atmospheric moisture transport and geometrical constraints on ocean circulation},
  author={Ferreira, David and Marshall, John and Campin, Jean-Michel},
  journal={J. Climate},
  volume={23},
  number={6},
  pages={1456--1476},
  year={2010}
}
@article{enderton2009,
  title={Explorations of atmosphere-ocean-ice climates on an aquaplanet and their meridional energy transports},
  author={Enderton, Daniel and Marshall, John},
  journal={J. Atmos. Sci.},
  volume={66},
  number={6},
  pages={1593--1611},
  year={2009}
}
@article{czaja2006,
  title={The partitioning of poleward heat transport between the atmosphere and ocean},
  author={Czaja, Arnaud and Marshall, John},
  journal={J. Atmos. Sci.},
  volume={63},
  number={5},
  pages={1498--1511},
  year={2006}
}
@article{hirt1974,
  title={An arbitrary {L}agrangian-{E}ulerian computing method for all flow speeds},
  author={Hirt, Cyrill W and Amsden, Anthony A and Cook, JL},
  journal={Journal of Computational Physics},
  volume={14},
  number={3},
  pages={227--253},
  year={1974},
  publisher={Elsevier}
}
@article{gent2011,
  title={The {G}ent-{M}c{W}illiams parameterization: 20/20 hindsight},
  author={Gent, Peter R},
  journal={Ocean Modelling},
  volume={39},
  number={1-2},
  pages={2--9},
  year={2011},
  publisher={Elsevier}
}
@article{gent1990,
  title={Isopycnal mixing in ocean circulation models},
  author={Gent, Peter R and McWilliams, James C},
  journal={J. Phys. Oceanogr.},
  volume={20}, 
  number={1},
  pages={150--155},
  year={1990}
}
@article{bleck1978,
  title={On the use of hybrid vertical coordinates in numerical weather prediction models},
  author={Bleck, Rainer},
  journal={Mon. Wea. Rev.},
  volume={106},
  number={9},
  pages={1233--1244},
  year={1978}
}
@article{fox2008,
  title={Parameterization of mixed layer eddies. {P}art {I}: Theory and diagnosis},
  author={Fox-Kemper, Baylor and Ferrari, Raffaele and Hallberg, Robert},
  journal={J. Phys. Oceanogr.},
  volume={38},
  number={6},
  pages={1145--1165},
  year={2008}
}
@article{reichl2018,
  title={A simplified energetics based planetary boundary layer (e{PBL}) approach for ocean climate simulations.},
  author={Reichl, Brandon G and Hallberg, Robert},
  journal={Ocean Modelling},
  volume={132},
  pages={112--129},
  year={2018},
  publisher={Elsevier}
}
@article{hallberg2000,
  title={Time integration of diapycnal diffusion and {R}ichardson number--dependent mixing in isopycnal coordinate ocean models},
  author={Hallberg, Robert},
  journal={Mon. Wea. Rev.},
  volume={128},
  number={5},
  pages={1402--1419},
  year={2000}
}
@article{visbeck1997,
  title={Specification of eddy transfer coefficients in coarse-resolution ocean circulation models},
  author={Visbeck, Martin and Marshall, John and Haine, Tom and Spall, Mike},
  journal={J. Phys. Oceanogr.},
  volume={27},
  number={3},
  pages={381--402},
  year={1997}
}

@article{redi1982,
  title={Oceanic isopycnal mixing by coordinate rotation},
  author={Redi, Martha H},
  journal={J. Phys. Oceanogr.},
  volume={12},
  number={10},
  pages={1154--1158},
  year={1982}
}
@article{large1994,
  title={Oceanic vertical mixing: A review and a model with a nonlocal boundary layer parameterization},
  author={Large, William G and McWilliams, James C and Doney, Scott C},
  journal={Reviews of Geophysics},
  volume={32},
  number={4},
  pages={363--403},
  year={1994},
  publisher={Wiley Online Library}
}
@article{lawrence2019,
  title={The {C}ommunity {L}and {M}odel version 5: Description of new features, benchmarking, and impact of forcing uncertainty},
  author={Lawrence, David M and Fisher, Rosie A and Koven, Charles D and Oleson, Keith W and Swenson, Sean C and Bonan, Gordon and Collier, Nathan and Ghimire, Bardan and van Kampenhout, Leo and Kennedy, Daniel and others},
  journal={J. Adv. Model. Earth Syst.},
  year={2019},
  publisher={Wiley Online Library}
}
@article{Bailey2018,
  title={{CESM} {CICE5} {U}sers {G}uide},
  author={Bailey, David and DuVivier, Alice and Holland, Marika and Hunke, Elizabeth and Lipscomb, Bill and Briegleb, Bruce and Bitz, Cecilia and Schramm, Julie},
  year={2018}
}
@article{lipscomb2018,
  title={{CISM} 2.1 {D}ocumentation},
  author={Lipscomb, William and Price, Stephen and Hoffman, Matthew and Leguy, Gunter R and Hagdorn, Magnus and Rutt, Ian and Payne, Tony and Hebeler, Felix and Kennedy, Joseph H},
  year={2018}
}
@article{bakkensen2018,
  title={The impact of disaster data on estimating damage determinants and climate costs},
  author={Bakkensen, Laura A and Shi, Xiangying and Zurita, Brianna D},
  journal={Economics of Disasters and Climate Change},
  volume={2},
  number={1},
  pages={49--71},
  year={2018},
  publisher={Springer}
}
@misc{ThirdNCA,
  author={Melillo, Jerry M and Richmond, Terese (TC) and Yohe, Gary W.},
     title = {Climate Change Impacts in the {U}nited {S}tates: The Third National Climate Assessment},
     year = {2014},
     pages={841},
     publisher = {US Global Change Research Program},
     doi  = {10.7930/J0Z31WJ2}
}  

@article{FasulloTrenberth:JC-2008,
	Author = {John T. Fasullo and Kevin E. Trenberth},
	Journal = {J. Climate},
	Number = {5},
	Pages = {2313-2325},
	Title = {The Annual Cycle of the Energy Budget. {P}art {II}: Meridional Structures and Poleward Transports},
	Volume = {21},
	Year = {2008}
}

@article{Held_Schneider_1999,
	Author = {Isaac M. Held and Tapio Schneider},
	Journal = {J. Atmos. Sci.},
	Number = {6},
	Pages = {1688-1697},
	Title = {The surface branch of the zonally averaged mass transport circulation in the troposphere},
	Volume = {56},
	Year = {1999}
}

@article{SchneiderSmith:JC-2006a,
	Author = {Schneider, Tapio and Smith, Karen L. and O’Gorman, Paul A. and Walker, Christopher C.},
	Journal = {J. Climate},
	Number = {22},
	Pages = {5918–5933},
	Title = {A Climatology of Tropospheric Zonal-Mean Water Vapor Fields and Fluxes in Isentropic Coordinates},
	Volume = {19},
	Year = {2006}
}

@article{PauluisCzaja:S-2008a,
	Author = {Pauluis, O. and Czaja, A. and Korty, R.},
	Journal = {Science},
	Number = {5892},
	Pages = {1075–1078},
	Title = {The Global Atmospheric Circulation on Moist Isentropes},
	Volume = {321},
	Year = {2008}
}

@article{PauluisCzaja:JC-2010,
	Author = {Olivier Pauluis and Arnaud Czaja and Robert Korty},
	Journal = {J. Climate},
	Pages = {3077-3093},
	Title = {The Global Atmospheric Circulation in Moist Isentropic Coordinates},
	Volume = {23},
	Year = {2010}
}

@article{CzajaMarshall:JPO-2006,
	Author = {Arnaud Czaja and John Marshall},
	Journal = {J. Atmos. Sci.},
	Number = {5},
	Pages = {1498-1511},
	Title = {The Partitioning of Poleward Heat Transport between the Atmosphere and Ocean},
	Volume = {63},
	Year = {2006}
}

@article{ToggweilerSamuels:DR-1995,
	Author = {J. R. Toggweiler and B. Samuels},
	Journal = {Deep Sea Res. I},
	Number = {4},
	Pages = {477-500},
	Title = {Effect of {D}rake {P}assage on the global thermohaline circulation},
	Volume = {42},
	Year = {1995}
}

@article{WolfeCessi:JPO-2011,
	Author = {Christopher L. Wolfe and Paola Cessi},
	Journal = {J. Phys. Oceanogr.},
	Number = {9},
	Pages = {1795--1810},
	Title = {The Adiabatic Pole-to-Pole Overturning Circulation},
	Volume = {41},
	Year = {2011}
}

@article{NikurashinVallis:JPO-2012,
	Author = {Maxim Nikurashin and Geoffrey Vallis},
	Journal = {J. Phys. Oceanogr.},
	Number = {10},
	Pages = {1652-1667},
	Title = {A Theory of the Interhemispheric Meridional Overturning Circulation and Associated Stratification},
	Volume = {42},
	Year = {2012}
}

@article{Cessi:ARMS-2019a,
	Author = {Paola Cessi},
	Journal = {Annu. Rev. Mar. Sci.},
	Pages = {249--270},
	Title = {The Global Overturning Circulation},
	Volume = {11},
	Year = {2019}
}

@article{MarshallDonohoe:CD-2014a,
	Author = {Marshall, J. and Donohoe, A. and Ferreira, D. and McGee, D.},
	Journal = {Climate Dynamics},
	Number = {7-8},
	Pages = {1967--1979},
	Title = {The ocean's role in setting the mean position of the Inter-Tropical Convergence Zone},
	Volume = {42},
	Year = {2014}
}

@article{TrenberthCaron:JC-2001,
	Author = {Kevin E. Trenberth and Julie M. Caron},
	Journal = {J. Clim.},
	Pages = {3433-3443},
	Title = {Estimates of Meridional Atmosphere and Ocean Heat Transports},
	Volume = {14},
	Year = {2001}
}

@article{LargeYeager:CD-2009a,
	Author = {W. G. Large and S. G. Yeager},
	Journal = {Clim. Dyn.},
	Pages = {341-364},
	Title = {The global climatology of an interannually varying air-sea flux data set},
	Volume = {33},
	Year = {2009}
}

@article{FerreiraCessi:AREPS-2018a,
	Author = {David Ferreira and Paola Cessi and Helen K. Coxall and de Boer, Agatha and Henk A. Dijkstra and Sybren S. Drijfhout and Tor Eldevik and Nili Harnik and Jerry F. McManus and David P. Marshall and Johan Nilsson and Fabien Roquet and Tapio Schneider and Robert C. Wills},
	Journal = {Annu. Rev. Earth Planet Sci.},
	Pages = {327--352},
	Title = {Atlantic-{P}acific Asymmetry in Deep Water Formation},
	Volume = {46},
	Year = {2018}
}

@article{CessiJones:JPO-2017a,
	Author = {Cessi, Paola and Jones, C. S.},
	Journal = {J. Phys. Oceanogr.},
	Number = {8},
	Pages = {1981--1997},
	Title = {Warm-Route versus Cold-Route Interbasin Exchange in the Meridional Overturning Circulation},
	Volume = {47},
	Year = {2017}
}

@article{JonesCessi:JPO-2017a,
	Author = {Jones, C. S. and Cessi, Paola},
	Journal = {J. Phys. Oceanogr.},
	Number = {11},
	Pages = {2843--2859},
	Title = {Size Matters: Another Reason Why the {A}tlantic Is Saltier than the {P}acific},
	Volume = {47},
	Year = {2017}}

@article{JonesCessi:JPO-2018a,
	Author = {Jones, C. S. and Cessi, Paola},
	Journal = {J. Phys. Oceanogr.},
	Number = {10},
	Pages = {2445--2456},
	Title = {Components of Upper-Ocean Salt Transport by the Gyres and the Meridional Overturning Circulation},
	Volume = {48},
	Year = {2018}}

@article{VallisFarneti:QJRMS-2009a,
	Author = {Vallis, Geoffrey K. and Farneti, Riccardo},
	Journal = {Q. J. R. Meteorol. Soc.},
	Month = {Oct},
	Number = {644},
	Pages = {1643–1660},
	Title = {Meridional energy transport in the coupled atmosphere-ocean system: scaling and numerical experiments},
	Volume = {135},
	Year = {2009}}

@article{MarotzkeWillebrand:JPO-1991,
	Author = {Jochem Marotzke and Jürgen Willebrand},
	Journal = {J. Phys. Oceanogr.},
	Number = {9},
	Pages = {1372-1385},
	Title = {Multiple Equilibria of the Global Thermohaline Circulation},
	Volume = {21},
	Year = {1991}}

@article{NilssonLangen:JC-2013,
	Author = {Johan Nilsson and Peter L. Langen and David Ferreira and John Marshall},
	Journal = {J. Climate},
	Pages = {6163-6184},
	Title = {Ocean Basin Geometry and the Salinification of the {A}tlantic {O}cean},
	Volume = {26},
	Year = {2013}}

@article{SchmittnerSilva:JC-2011a,
	Author = {Schmittner, Andreas and Silva, Tiago A. M. and Fraedrich, Klaus and Kirk, Edilbert and Lunkeit, Frank},
	Journal = {J. Climate},
	Number = {11},
	Pages = {2814--2829},
	Title = {Effects of Mountains and Ice Sheets on Global Ocean Circulation},
	Volume = {24},
	Year = {2011}}

@article{SinhaBlaker:GRL-2012a,
	Author = {Sinha, Bablu and Blaker, Adam T. and Hirschi, Joël J.-M. and Bonham, Sarah and Brand, Matthew and Josey, Simon and Smith, Robin S. and Marotzke, Jochem},
	Journal = {Geophys. Res. Lett.},
	Month = {Jan},
	Number = {2},
	Pages = {L02705},
	Title = {Mountain ranges favour vigorous {A}tlantic meridional overturning},
	Volume = {39},
	Year = {2012}}

@article{RoseMarshall:JAS-2009a,
	Author = {Rose, Brian E. J. and Marshall, John},
	Journal = {J. Atmos. Sci.},
	Number = {9},
	Pages = {2828--2843},
	Title = {Ocean Heat Transport, Sea Ice, and Multiple Climate States: Insights from Energy Balance Models},
	Volume = {66},
	Year = {2009}
}
@book{hartmann2015,
  title={Global Physical Climatology},
  author={Hartmann, Dennis L},
  volume={103},
  year={2015},
  publisher={Newnes}
}
@article{Li2018b,
author = {Li, Hui and Sriver, Ryan L.},
title = {Impact of Tropical Cyclones on the Global Ocean: Results from Multidecadal Global Ocean Simulations Isolating Tropical Cyclone Forcing},
journal = {J. Climate},
volume = {31},
number = {21},
pages = {8761-8784},
year = {2018},
doi = {10.1175/JCLI-D-18-0221.1}
}
@article{Li2018a,
  title={Tropical Cyclone Activity in the High-Resolution {C}ommunity {E}arth {S}ystem {M}odel and the Impact of Ocean Coupling},
  author={Li, Hui and Sriver, Ryan L},
  journal={J. Adv. Model. Earth Syst.},
  volume={10},
  number={1},
  pages={165--186},
  year={2018},
  publisher={Wiley Online Library}
}
@article{emanuel2013,
	Author = {Emanuel, Kerry A},
	Journal = {Proc. Natl. Acad. Sci.},
	Number = {30},
	Pages = {12219--12224},
	Publisher = {National Academy of Sciences},
	Title = {Downscaling {CMIP}5 climate models shows increased tropical cyclone activity over the 21st century},
	Volume = {110},
	Year = {2013}
}
@article{small2014,
author = {Small, R. Justin and Bacmeister, Julio and Bailey, David and Baker, Allison and Bishop, Stuart and Bryan, Frank and Caron, Julie and Dennis, John and Gent, Peter and Hsu, Hsiao-ming and Jochum, Markus and Lawrence, David and Muñoz, Ernesto and diNezio, Pedro and Scheitlin, Tim and Tomas, Robert and Tribbia, Joseph and Tseng, Yu-heng and Vertenstein, Mariana},
title = {A new synoptic scale resolving global climate simulation using the {C}ommunity {E}arth {S}ystem {M}odel},
journal = {J. Adv. Model. Earth Syst.},
volume = {6},
number = {4},
pages = {1065-1094},
keywords = {climate modeling, high resolution, CESM},
doi = {10.1002/2014MS000363},
year = {2014}
}
@article{Lague2019,
author = {Laguë, Marysa M. and Bonan, Gordon B. and Swann, Abigail L. S.},
title = {Separating the Impact of Individual Land Surface Properties on the Terrestrial Surface Energy Budget in both the Coupled and Uncoupled Land–Atmosphere System},
journal = {J. Climate},
volume = {32},
number = {18},
pages = {5725-5744},
year = {2019},
doi = {10.1175/JCLI-D-18-0812.1}
}

@article{BireWolfe:JPO-2020a,
	Author = {Suyash Bire and Christopher L. P. Wolfe},
	Journal = {J. Phys. Oceanogr.},
	Title = {The role of eddies in the zonal and meridional overturning circulations of buoyancy-forced basins},
	Year = {2020}}


@article{BireWolfe:JPO-2018a,
	Author = {Suyash Bire and Christopher L. P. Wolfe},
	Journal = {J. Phys. Oceanogr.},
	Number = {12},
	Pages = {2829--2850},
	Title = {The role of eddies in buoyancy-driven eastern boundary currents},
	Volume = {48},
	Year = {2018}}

@article{PinardiCessi:JPO-2018a,
	Author = {Nadia Pinardi and Paola Cessi and Federica Borile and Christopher L. P. Wolfe},
	Journal = {J. Phys. Oceanogr.},
	Number = {7},
	Pages = {1699--1721},
	Title = {The {M}editerranean {S}ea Overturning Circulation},
	Volume = {49},
	Year = {2019}}

@article{KangSeager:CD-2014a,
	Author = {Kang, Sarah M. and Seager, Richard and Frierson, Dargan M. W. and Liu, Xiaojuan},
	Journal = {Climate Dynamics},
	Number = {5-6},
	Pages = {1457–1472},
	Title = {Croll revisited: Why is the northern hemisphere warmer than the southern hemisphere?},
	Volume = {44},
	Year = {2014}}

@article{StephensHakuba:CCCR-2016a,
	Author = {Stephens, Graeme L. and Hakuba, Maria Z. and Hawcroft, Matt and Haywood, Jim M. and Behrangi, Ali and Kay, Jennifer E. and Webster, Peter J},
	Journal = {Curr. Clim. Change Rep.},
	Number = {4},
	Pages = {135–147},
	Title = {The Curious Nature of the Hemispheric Symmetry of the {E}arth’s Water and Energy Balances},
	Volume = {2},
	Year = {2016}
	}

@article{Roberts2020,
author = {Roberts, Malcolm John and Camp, Joanne and Seddon, Jon and Vidale, Pier Luigi and Hodges, Kevin and Vanniere, Benoit and Mecking, Jenny and Haarsma, Rein and Bellucci, Alessio and Scoccimarro, Enrico and Caron, Louis-Philippe and Chauvin, Fabrice and Terray, Laurent and Valcke, Sophie and Moine, Marie-Pierre and Putrasahan, Dian and Roberts, Christopher and Senan, Retish and Zarzycki, Colin and Ullrich, Paul},
title = {Impact of Model Resolution on Tropical Cyclone Simulation Using the {HighResMIP–PRIMAVERA} Multimodel Ensemble},
journal = {J. Climate},
volume = {33},
number = {7},
pages = {2557-2583},
year = {2020},
doi = {10.1175/JCLI-D-19-0639.1}
}
@article{Wang2020,
author = {Wang, Bin and Chan, Johnny C. L.},
title = {How Strong {ENSO} Events Affect Tropical Storm Activity over the Western {N}orth {P}acific},
journal = {J. Climate},
volume = {15},
number = {13},
pages = {1643-1658},
year = {2002},
doi = {10.1175/1520-0442(2002)015<1643:HSEEAT>2.0.CO;2}
}
@article{Camargo2005,
author = {Camargo, Suzana J. and Sobel, Adam H.},
title = {Western {N}orth {P}acific Tropical Cyclone Intensity and {ENSO}},
journal = {J. Climate},
volume = {18},
number = {15},
pages = {2996-3006},
year = {2005},
doi = {10.1175/JCLI3457.1}
}

@article{BrightXie:GRL-2002a,
	Author = {Bright, Robert J. and Xie, Lian and Pietrafesa, Leonard J.},
	Journal = {Geophys. Res. Lett.},
	Number = {16},
	Pages = {48.1–48.4},
	Title = {Evidence of the {G}ulf {S}tream’s influence on tropical cyclone intensity},
	Volume = {29},
	Year = {2002}}

@article{Warren:JMR-1983,
	Author = {Bruce A. Warren},
	Journal = {J. Mar. Res.},
	Number = {2},
	Pages = {327-347},
	Title = {Why is no deep water formed in the {N}orth {P}acific?},
	Volume = {41},
	Year = {1983}}

@article{Broecker:O-1991,
	Author = {Wallace S. Broecker},
	Journal = {Oceanography},
	Number = {2},
	Pages = {79-89},
	Title = {The Great Ocean Conveyor},
	Volume = {4},
	Year = {1991}}

@article{WeaverBitz:AREPS-1999,
	Author = {A. J. Weaver and C. M. Bitz and A. F. Fanning and M. M. Holland},
	Journal = {Annu. Rev. Earth Planet Sci.},
	Pages = {231-285},
	Title = {Thermohaline Circulation: {H}igh-Latitude Phenomena and the Difference Between the {P}acific and {A}tlantic},
	Volume = {27},
	Year = {1999}}

@article{Stommel:T-1961,
	Author = {Henry Stommel},
	Journal = {Tellus},
	Pages = {224-230},
	Title = {Thermohaline convection with two stable regimes of flow},
	Volume = {13},
	Year = {1961}}

@article{StockerWright:P-1992,
	Author = {Thomas F. Stocker and Daniel G. Wright and Wallace S. Broecker},
	Journal = {Paleoceanogr.},
	Pages = {529-541},
	Title = {The influence of high-latitude surface forcing on the global thermohaline circulation},
	Volume = {7},
	Year = {1992}}

@article{HughesWeaver:JPO-1994,
	Author = {Tertia M. C. Hughes and Andrew J. Weaver},
	Journal = {J. Phys. Oceanogr.},
	Number = {3},
	Pages = {619-637},
	Title = {Multiple Equilibria of an Asymmetric Two-Basin Ocean Model},
	Volume = {24},
	Year = {1994}}

@article{Wolfe:OM-2014,
	Author = {Christopher L. Wolfe},
	Journal = {Ocean Modell.},
	Pages = {20--35},
	Title = {Approximations to the ocean's residual circulation in arbitrary tracer coordinates},
	Volume = {75},
	Year = {2014}}

@article{Young:JPO-2012,
	Author = {William R. Young},
	Journal = {J. Phys. Oceanogr.},
	Number = {5},
	Pages = {692-707},
	Title = {An exact thickness-weighted average formulation of the {B}oussinesq equations},
	Volume = {42},
	Year = {2012}}

@article{WolfeCessi:JPO-2010,
	Author = {Christopher L. Wolfe and Paola Cessi},
	Journal = {J. Phys. Oceanogr.},
	Number = {7},
	Pages = {1520--1538},
	Title = {What Sets the Strength of the Mid-Depth Stratification and Overturning Circulation in Eddying Ocean Models?},
	Volume = {40},
	Year = {2010}
}
@article{Biasutti2020,
author = {Biasutti, Michela and Voigt, Aiko},
title = {Seasonal and {CO}2-Induced Shifts of the {ITCZ}: Testing Energetic Controls in Idealized Simulations with Comprehensive Models},
journal = {J. Climate},
volume = {33},
number = {7},
pages = {2853-2870},
year = {2020},
doi = {10.1175/JCLI-D-19-0602.1}
}
@article{Waliser1993,
author = {Waliser, Duane E. and Gautier, Catherine},
title = {A Satellite-derived Climatology of the {ITCZ}},
journal = {J. Climate},
volume = {6},
number = {11},
pages = {2162-2174},
year = {1993},
doi = {10.1175/1520-0442(1993)006<2162:ASDCOT>2.0.CO;2}
}

@ARTICLE{Webb_etal_2017,
        AUTHOR = {Mark J. Webb and Timothy Andrews and Alejandro Bodas-Salcedo and  Sandrine Bony and Christopher S. Bretherton
        and Robin Chadwick and Helene Chepfer and Herve Douville and Peter Good and Jennifer E. Kay and Stephen A. Klein and Roger Marchand
        and Brian Medeiros and A. Pier Siebesma and Christopher B. Skinner and Bjorn Stevens and George Tselioudis and Yoko Tsushima and Masahiro Watanabe},
        YEAR = {2017},
        TITLE = {The Cloud Feedback Model Intercomparison Project ({CFMIP}) contribution to {CMIP6}},
        JOURNAL = GEOMDEV,
        VOLUME = {10},
        DOI     = {10.5194/gmd-10-359-2017}}

@article{Wodzicki2016,
author = {Wodzicki, K. R. and Rapp, A. D.},
title = {Long-term characterization of the Pacific {ITCZ} using {TRMM}, {GPCP}, and {ERA}-{I}nterim},
journal = {J. Geophys. Res.-Atmos.},
volume = {121},
number = {7},
pages = {3153-3170},
keywords = {Intertropical Convergence Zone, ITCZ width, precipitation trends, tropical Pacific, Hadley circulation},
doi = {10.1002/2015JD024458},
year = {2016}
}
@article{Lin2007,
author = {Lin, Jia-Lin},
title = {The Double-{ITCZ} Problem in {IPCC} {AR}4 Coupled {GCM}s: Ocean–Atmosphere Feedback Analysis},
journal = {J. Climate},
volume = {20},
number = {18},
pages = {4497-4525},
year = {2007},
doi = {10.1175/JCLI4272.1}
}
@article{Li2014,
author = {Li, Gen and Xie, Shang-Ping},
title = {Tropical Biases in {CMIP}5 Multimodel Ensemble: The Excessive Equatorial Pacific Cold Tongue and Double {ITCZ} Problems},
journal = {J. Climate},
volume = {27},
number = {4},
pages = {1765-1780},
year = {2014},
doi = {10.1175/JCLI-D-13-00337.1}
}
@article{Wang2006,
author = {Wang, Chia-chi and Magnusdottir, Gudrun},
title = {The {ITCZ} in the Central and Eastern Pacific on Synoptic Time Scales},
journal = {Mon. Wea. Rev.},
volume = {134},
number = {5},
pages = {1405-1421},
year = {2006},
doi = {10.1175/MWR3130.1}
}
@article{Yokota2015,
author = {Yokota, Sho and Niino, Hiroshi and Yanase, Wataru},
title = {Tropical Cyclogenesis due to {ITCZ} Breakdown: Idealized Numerical Experiments and a Case Study of the Event in July 1988},
journal = {J. Atmos. Sci.},
volume = {72},
number = {9},
pages = {3663-3684},
year = {2015},
doi = {10.1175/JAS-D-14-0328.1}
}
@article{Frierson2012,
author = {Frierson, Dargan M. W. and Hwang, Yen-Ting},
title = {Extratropical Influence on {ITCZ} Shifts in Slab Ocean Simulations of Global Warming},
journal = {J. Climate},
volume = {25},
number = {2},
pages = {720-733},
year = {2012},
doi = {10.1175/JCLI-D-11-00116.1}
}
@article{Kang_etal_2008,
author = {Kang, Sarah M. and Held, Isaac M. and Frierson, Dargan M. W. and Zhao, Ming},
title = {The Response of the {ITCZ} to Extratropical Thermal Forcing: Idealized Slab-Ocean Experiments with a {GCM}},
journal = {J. Climate},
volume = {21},
number = {14},
pages = {3521-3532},
year = {2008},
doi = {10.1175/2007JCLI2146.1}
}
@article{Emanuel2010,
author = {Emanuel, Kerry},
title = {Tropical Cyclone Activity Downscaled from {NOAA}-{CIRES} Reanalysis, 1908–1958},
journal = {J. Adv. Model. Earth Syst.},
volume = {2},
number = {1},
pages = {},
doi = {10.3894/JAMES.2010.2.1},
year = {2010}
}
@article{Merlis2013,
author = {Merlis, Timothy M. and Zhao, Ming and Held, Isaac M.},
title = {The sensitivity of hurricane frequency to {ITCZ} changes and radiatively forced warming in aquaplanet simulations},
journal = {Geophys. Res. Lett.},
volume = {40},
number = {15},
pages = {4109-4114},
doi = {10.1002/grl.50680},
year = {2013}
}
@article{Schneider2017,
author = {Schneider, Tapio},
title = {Feedback of Atmosphere-Ocean Coupling on Shifts of the Intertropical Convergence Zone},
journal = {Geophys. Res. Lett.},
volume = {44},
number = {22},
pages = {11,644-11,653},
doi = {10.1002/2017GL075817},
year = {2017}
}
@article{Green2017,
author = {Green, Brian and Marshall, John},
title = {Coupling of Trade Winds with Ocean Circulation Damps {ITCZ} Shifts},
journal = {J. Climate},
volume = {30},
number = {12},
pages = {4395-4411},
year = {2017},
doi = {10.1175/JCLI-D-16-0818.1}
}
@article{Patricola2018,
author = {Patricola, Christina M. and Saravanan, R. and Chang, Ping},
title = {The Response of {A}tlantic Tropical Cyclones to Suppression of {A}frican Easterly Waves},
journal = {Geophys. Res. Lett.},
volume = {45},
number = {1},
pages = {471-479},
doi = {10.1002/2017GL076081},
year = {2018}
}
@article{Heaviside2013,
author = {Heaviside, C. and Czaja, A.},
title = {Deconstructing the Hadley cell heat transport},
journal = {Q. J. R. Meteorol. Soc.},
volume = {139},
number = {677},
pages = {2181-2189},
keywords = {Hadley cell, heat transport, tropics, atmospheric circulation, moist static energy, monsoon, convection},
doi = {10.1002/qj.2085},
year = {2013}
}

@ARTICLE{Wyant_etal_2006,
        AUTHOR = {Wyant, Matthew C. and Bretherton, Christopher S. and Bacmeister, Julio T. and Kiehl, Jeffrey T. and Held, Isaac M. and Zhao, Ming and Klein, Stephen A. and Soden, Brian J.},
        YEAR = {2006},
        TITLE = {A comparison of low-latitude cloud properties and their response to climate change in three AGCMs sorted into regimes using mid-tropospheric vertical velocity},
        JOURNAL = {Climate Dynamics},
        VOLUME  = {27},
        PAGES = {261--279},
        DOI = {10.1007/s00382-006-0138-4}}

@ARTICLE{Zhao_etal_2016,
        AUTHOR = {Ming Zhao and J.-C. Golaz and Isaac M. Held and V. Ramaswamy and S.-J. Lin and Yi Ming and Paul Ginoux and Bruce Wyman and Leo J. Donner and David Paynter},
        YEAR = {2016},
        TITLE = {Uncertainty in Model Climate Sensitivity Traced to Representations of Cumulus Precipitation Microphysics},
        JOURNAL = {JCLI},
        VOLUME = {29},
        PAGES = {543-560},
        DOI = {10.1175/JCLI-D-15-0191.1}
}

@article{Zhao_etal_2018a,
author = {Zhao, M. and Golaz, J.-C. and Held, I. M. and Guo, H. and Balaji, V. and Benson, R. and Chen, J.-H. and Chen, X. and Donner, L. J. and Dunne, J. P. and Dunne, K. and Durachta, J. and Fan, S.-M. and Freidenreich, S. M. and Garner, S. T. and Ginoux, P. and Harris, L. M. and Horowitz, L. W. and Krasting, J. P. and Langenhorst, A. R. and Liang, Z. and Lin, P. and Lin, S.-J. and Malyshev, S. L. and Mason, E. and Milly, P. C. D. and Ming, Y. and Naik, V. and Paulot, F. and Paynter, D. and Phillipps, P. and Radhakrishnan, A. and Ramaswamy, V. and Robinson, T. and Schwarzkopf, D. and Seman, C. J. and Shevliakova, E. and Shen, Z. and Shin, H. and Silvers, L. G. and Wilson, J. R. and Winton, M. and Wittenberg, A. T. and Wyman, B. and Xiang, B.},
title = {The {GFDL} Global Atmosphere and Land Model {AM}4.0/{LM}4.0: 1. Simulation Characteristics With Prescribed {SST}s},
journal = {Journal of Advances in Modeling Earth Systems},
volume = {10},
year = {2018},
number = {3},
pages = {691-734},
doi = {10.1002/2017MS001208},
}

@article{Zhao_etal_2018b,
author = {Zhao, M. and Golaz, J.-C. and Held, I. M. and Guo, H. and Balaji, V. and Benson, R. and Chen, J.-H. and Chen, X. and Donner, L. J. and Dunne, J. P. and Dunne, K. and Durachta, J. and Fan, S.-M. and Freidenreich, S. M. and Garner, S. T. and Ginoux, P. and Harris, L. M. and Horowitz, L. W. and Krasting, J. P. and Langenhorst, A. R. and Liang, Z. and Lin, P. and Lin, S.-J. and Malyshev, S. L. and Mason, E. and Milly, P. C. D. and Ming, Y. and Naik, V. and Paulot, F. and Paynter, D. and Phillipps, P. and Radhakrishnan, A. and Ramaswamy, V. and Robinson, T. and Schwarzkopf, D. and Seman, C. J. and Shevliakova, E. and Shen, Z. and Shin, H. and Silvers, L. G. and Wilson, J. R. and Winton, M. and Wittenberg, A. T. and Wyman, B. and Xiang, B.},
title = {The {GFDL} Global Atmosphere and Land Model {AM}4.0/{LM}4.0: 2. Model Description, Sensitivity Studies, and Tuning Strategies},
journal = {Journal of Advances in Modeling Earth Systems},
volume = {10},
year={2018},
number = {3},
pages = {735-769},
doi = {10.1002/2017MS001209},
}
